2482 3960
104 426 234 501 dedisse3
254 429 333 489 cuius
354 430 397 490 rei
417 433 546 493 recensio
566 431 685 493 Homeri
700 451 717 494 a
731 432 834 495 Wolfio
856 436 927 494 editi
947 438 976 494 in
997 433 1092 511 Ephe-

104 539 260 602 meridihus
280 540 473 616 Jenensibus,'
493 543 635 616 praefatio
660 543 698 602 ad
718 547 826 607 scholia
846 547 964 607 Homeri
985 553 1015 606 et
1034 555 1092 606 stu-

103 653 151 713 dia
182 654 348 730 Homerica,
382 673 456 729 quae
487 659 516 716 in
548 658 704 718 Academia
736 658 916 718 Berolinensi
949 658 1092 732 praelegit

102 767 265 827 testimonia
284 768 437 842 praebent,
465 769 567 842 quibus
586 786 661 828 nunc
681 768 822 828 accedunt
842 770 1042 829 annotationes
1061 770 1092 826 in

100 878 312 951 prolegomena.
844 881 846 885 ’

176 989 304 1050 Beklieri
330 995 412 1051 notas
431 990 486 1050 hoc
505 991 586 1063 signo
606 991 800 1063 notavimus[
839 994 861 1064 ].
899 991 996 1065 Ipsum
1016 989 1091 1047 Bek-

99 1102 164 1161 keri
183 1105 329 1176 exemplar
347 1102 540 1164 bibliothecae
559 1102 764 1162 Universitatis
784 1102 979 1162 Berolinensis
1000 1100 1090 1160 tradi-

104 1213 206 1274 dimus.

176 1325 324 1387 Secundae
344 1343 429 1399 quam
448 1344 523 1387 nunc
543 1327 651 1402 publici
667 1327 742 1400 juris
762 1326 881 1386 facimus
903 1325 1022 1386 editioni
1041 1325 1091 1385 ad-

101 1436 193 1496 dimus
228 1455 301 1512 quae
324 1439 449 1499 nondum
476 1439 555 1499 edita
577 1445 643 1499 sunt
668 1441 759 1513 partis
785 1438 928 1499 secundae
955 1437 1091 1496 disserta·
1133 1513 1135 1517 ι

100 1549 184 1607 tionis
204 1546 363 1609 Wolfianae
384 1548 546 1624 fragmenta
566 1569 601 1611 ex
621 1552 723 1624 quibus
744 1556 881 1628 apparet,
906 1546 1041 1609 Wolfium
1060 1550 1090 1607 in

100 1660 192 1719 animo
226 1660 360 1720 habuisse
395 1660 588 1735 disquisitioni
621 1664 774 1724 historicae
811 1661 1090 1722 criticamaddere.

88 1769 182 1851 ²Duae
202 1776 316 1831 exstant
334 1773 419 1846 hujus
438 1776 530 1848 partis
551 1777 733 1835 recensiones
753 1790 873 1845 quarum
894 1773 986 1831 altera
1007 1770 1091 1831 docet

99 1880 168 1952 quid
187 1882 322 1942 utilitatis
342 1883 380 1943 ad
393 1884 512 1945 Homeri
532 1886 657 1958 linguam
668 1884 856 1956 judicandam
871 1899 905 1941 ex
919 1883 1091 1942 Scholiasta·

98 2009 161 2052 rum
181 1996 392 2056 commentariis
413 1997 478 2070 capi
497 1997 597 2070 possit,
618 1997 710 2055 altera
731 2011 805 2068 quae
827 1993 983 2053 similitudo
1003 1994 1090 2053 inter·

98 2103 183 2164 cedat
202 2107 279 2166 inter
297 2106 455 2168 Bibliorum
476 2112 506 2167 at
527 2107 684 2167 carminum
704 2105 822 2167 Homeri
841 2106 999 2165 historiam.

173 2217 311 2276 Neutrius
326 2218 528 2292 disputationis
544 2217 635 2278 forma
650 2223 713 2277 erat
726 2216 872 2288 absoluta3
892 2215 1034 2275 nonnullis
1048 2216 1089 2273 lo-

98 2327 142 2384 cis
163 2327 237 2385 enim
258 2328 471 2387 emendationes
487 2333 569 2386 erant
585 2328 748 2400 adscriptae
769 2343 848 2398 quas,
859 2343 895 2384 ne
909 2327 1038 2398 legentes
1052 2327 1088 2384 iis

97 2437 306 2510 fraudaremus,
336 2454 433 2498 omnes
459 2439 488 2495 in
519 2438 594 2496 notis
619 2437 711 2494 textui
735 2436 915 2508 subjecimus.
965 2435 1089 2509 Operam

98 2549 227 2608 dedimus
254 2554 286 2607 ut
309 2548 414 2608 librum
434 2547 648 2621 typothetarum
674 2546 785 2606 mendis
806 2563 890 2618 quam
911 2546 1088 2605 liberrimum

98 2659 289 2720 studiosorum
308 2659 438 2719 manibus
459 2659 646 2718 traderemus.
