2482 3960
551 289 722 342 ..6-

134 435 219 494 nione
245 451 358 508 eorum,
386 435 435 506 qui
454 434 598 507 hodieque
617 435 694 494 huuc
717 440 841 509 textum,
869 436 962 508 qualis
988 437 1139 509 paullatim

133 510 208 571 forte
228 510 344 571 fortuna
362 510 456 570 iactus
477 517 530 584 est,
557 512 711 584 genuinum
732 528 766 570 ac
787 529 878 585 prope
898 510 1142 571 Μουσόπνευστοιι

133 587 241 646 habere
261 586 411 660 videntur3
432 588 552 647 istomm
575 589 705 660 exemplo
719 587 978 660 Buxtorfianerum,
1000 589 1049 661 qui
1070 605 1140 648 ean·

134 664 200 723 dem
219 680 281 722 rem
301 665 369 724 olim
388 663 597 737 praedicabant
617 664 653 722 de
673 663 818 722 Hebraico
839 665 938 725 codice
959 682 1024 738 suo,
1050 682 1138 738 quum

134 740 171 798 ab
193 757 227 799 eo
247 757 360 800 omnem
378 741 488 812 ingenii
509 746 539 799 et
558 746 670 799 tantum
689 757 745 798 non
759 741 880 801 rationis
893 742 1036 800 humanae
1051 759 1138 800 usum

135 822 277 889 arcerent,
298 832 334 876 ea
354 832 466 888 quoque
486 823 623 890 tauquam
638 814 812 874 bainiaco-ra
824 818 952 890 reveriti,
973 834 1048 890 quoe
1062 835 1139 877 nuuc

135 909 153 950 a
173 893 265 952 doctis
287 893 476 953 vitiosissima
496 898 646 966 putantur.

192 1200 254 1259 Nec
268 1216 335 1259 vero
349 1198 502 1258 Ernestius
515 1199 671 1272 quidquam
684 1199 777 1256 minus
793 1213 914 1271 sperare
927 1200 1031 1271 potuit,
1049 1216 1135 1271 quam

134 1277 208 1335 tales
229 1275 392 1336 exornando
412 1275 539 1334 Homero
559 1281 714 1346 tantasque
735 1274 833 1347 copias
854 1291 1022 1348 superesse,
1048 1292 1137 1347 quan·

134 1360 183 1411 tae
207 1353 251 1410 his
277 1352 391 1411 demum
416 1357 528 1424 septem
553 1352 636 1410 annis
662 1351 837 1422 obtigerunt.
877 1351 939 1409 lam
964 1352 1011 1410 hic
1037 1353 1138 1424 paucis

135 1428 230 1487 verbis
252 1428 437 1488 delibandum
457 1427 539 1487 uobis
560 1433 606 1486 est
619 1428 733 1499 insigne
747 1427 881 1485 meritum
894 1426 1066 1500 Villoisonii,
1087 1428 1137 1501 qui

134 1505 243 1577 primus
265 1505 336 1563 duos
348 1504 448 1564 Iliadis
463 1502 578 1564 codices
592 1504 719 1563 Venetos
733 1505 763 1561 in
777 1501 922 1575 publicum
937 1505 1061 1577 protulit
1075 1521 1139 1562 cum

136 1597 171 1640 ea
185 1581 362 1640 Scholiorum
381 1581 526 1652 congerie,
547 1595 621 1651 quae
641 1581 825 1652 antiquarum
847 1586 877 1639 et
896 1579 934 1638 ad
953 1580 1054 1640 horum
1070 1580 1138 1639 (lar-

134 1658 242 1715 minum
273 1656 335 1715 fata
360 1662 390 1715 et
415 1662 511 1714 textus
537 1656 731 1716 conditionem
761 1656 993 1729 perspiciendam
1027 1658 1141 1715 utilium

134 1748 231 1790 rerum
250 1733 362 1806 copiam
381 1732 472 1791 multo
491 1733 645 1804 maiorem,
667 1748 753 1803 qnam
773 1733 863 1789 ceteri
883 1733 913 1789 in
933 1749 1021 1791 unum
1042 1733 1141 1792 collati

134 1808 201 1866 libri
221 1826 328 1880 omues,
349 1808 528 1881 suppeditat,
548 1814 636 1880 atque
656 1809 771 1867 omniuo
792 1807 899 1865 criticis
921 1814 951 1866 et
976 1809 1140 1879 grammati-

136 1885 177 1942 cis
198 1884 305 1943 divitiis
331 1902 389 1944 nou
407 1885 493 1944 modo
512 1884 683 1954 Eustochio,
704 1883 756 1941 sed
776 1883 906 1941 omnihus
927 1885 1053 1942 omnium
1072 1890 1141 1958 poe-

97 1971 122 2010 12
136 1966 230 2018 tarum
257 1961 425 2021 Scholiastis
450 1961 536 2032 longe
563 1960 719 2018 antecellit.
769 1958 951 2031 ignoscenda
978 1961 1017 2019 sit
1042 1960 1141 2019 forsan

137 2037 280 2110 cupiditas
301 2038 442 2110 quaedam
462 2038 492 2095 in
512 2036 657 2096 laudando
677 2036 767 2108 libro,
795 2051 879 2106 quem
905 2036 993 2108 longa
1018 2043 1049 2094 et
1074 2053 1142 2111 ope·

136 2130 204 2172 rosa
222 2116 359 2175 mactatio
379 2114 461 2174 nobis
482 2130 580 2173 carum
600 2111 677 2171 fecit.
716 2112 825 2171 Verum
844 2113 886 2171 ita
907 2112 944 2171 de
963 2114 1013 2172 illo
1044 2129 1142 2184 quem-

136 2206 193 2261 que
213 2191 377 2250 existimare
398 2197 484 2264 cogat
503 2190 575 2249 levis
596 2190 774 2262 comparatio
802 2204 915 2260 eorum,
943 2205 1017 2260 quae
1037 2190 1067 2246 in
1086 2189 1142 2247 hoc

137 2282 243 2337 genere
264 2273 347 2326 erant
365 2269 447 2340 prius
467 2269 599 2339 vulgata:
627 2282 710 2324 secus
730 2267 780 2337 qui
808 2265 985 2336 sentiebant,
1012 2265 1059 2322 vel
1084 2281 1141 2323 non

136 2348 268 2400 recentes
289 2349 373 2401 erant
393 2359 411 2401 a
431 2343 658 2402 Scholiastarum
676 2343 817 2412 lectione,
839 2342 885 2399 vel
905 2341 1026 2400 editoris
1048 2341 1142 2413 prima

135 2419 325 2490 promissione
344 2420 375 2475 in
394 2419 510 2476 nimiam
531 2435 613 2491 spem
633 2419 732 2489 erecti,
753 2417 879 2490 speratis
899 2433 965 2476 mox
985 2418 1096 2476 minora
1111 2433 1143 2475 se

136 2495 283 2567 accepisse
304 2509 392 2565 aegre
412 2492 553 2552 ferebant.
594 2493 736 2552 Videntur
756 2493 830 2552 adeo
849 2491 955 2565 fnisse,
985 2493 1035 2565 qui
1055 2509 1143 2564 quum

135 2570 284 2643 Zenodoti,
304 2570 476 2643 Aristarchi,
493 2569 805 2643 Cratetis,hlexionis,
824 2573 869 2628 tot
882 2569 1004 2629 aliorum
1018 2570 1143 2628 Alexan-

136 2646 297 2720 drinorum,
321 2647 436 2706 nomina
456 2647 497 2706 ibi
517 2662 605 2720 saepe
633 2645 745 2718 afferri,
771 2647 910 2704 lectiones
933 2647 1022 2704 etiam
1042 2646 1144 2705 editio·

136 2739 212 2795 num,
234 2738 355 2794 quarum
375 2725 470 2782 tenuis
491 2723 529 2782 ad
548 2740 601 2782 nos
621 2723 762 2781 memoria
783 2723 917 2793 venisset,
938 2728 1027 2794 atque
1041 2723 1144 2781 multo·

135 2816 199 2857 rum
219 2800 377 2872 singularia
398 2800 434 2858 de
454 2801 581 2859 Homero
602 2799 714 2872 scripta
732 2799 847 2857 laudari
866 2798 1058 2871 audivissent,
1079 2815 1145 2858 cou-

135 2876 215 2934 tinuo
228 2876 281 2934 has
294 2877 373 2949 ipsas
383 2877 637 2936 commentationes
648 2882 678 2935 et
691 2872 874 2952 διορθώσεις,
902 2876 931 2931 in
944 2891 1030 2932 unum
1042 2890 1145 2948 corpus

136 2959 315 3025 compactas,
334 2954 418 3012 nobis
439 2953 566 3013 oblatum
586 2953 623 3009 iri
644 2952 840 3025 opinarentur.
888 2951 1016 3009 Tandem
1036 2951 1146 3024 prodiit

137 3026 220 3100 liber,
239 3030 327 3101 longa
347 3030 563 3102 exspectatione
584 3028 735 3088 doctorum
748 3027 926 3100 celebratus,
947 3029 1012 3100 plus
1026 3027 1145 3086 dimidio

137 3105 230 3164 minor
255 3121 340 3178 qnam
366 3106 547 3165 Eustachius.
592 3105 632 3163 Et
663 3105 762 3162 attulit
790 3104 989 3164 tantummodo
1020 3121 1056 3162 ex
1086 3103 1142 3161 illis

141 3183 307 3240 criticorum
326 3189 356 3241 et
374 3182 565 3255 interpretum
585 3181 721 3254 operibns
740 3181 903 3254 Excerpta,
928 3197 986 3240 non
1007 3197 1041 3239 eo
1061 3180 1142 3238 insti·

141 3264 204 3318 tuto
224 3256 310 3331 facta,
331 3259 408 3332 quod
429 3260 492 3330 quis
512 3263 642 3318 nostrum
660 3273 735 3315 nunc
755 3262 895 3329 sequatur
908 3257 938 3314 in
952 3255 1142 3329 excerpendo,

141 3333 226 3394 modo
247 3335 390 3408 uberiora,
410 3334 496 3395 modo
517 3334 725 3405 contractiora,
745 3333 876 3406 plurimis
897 3333 1013 3406 quidem
1032 3330 1142 3390 referta

141 3411 322 3484 lectionibus,
342 3412 395 3470 sed
414 3412 450 3470 iis
470 3427 524 3470 nec
542 3411 701 3484 primorum
719 3408 850 3481 sontium,
871 3426 925 3468 nec
937 3410 1081 3468 rationum
1095 3424 1141 3467 er-

142 3488 297 3561 plicatione
317 3489 388 3548 satis
408 3488 541 3559 munitis3
561 3492 706 3560 postremo
720 3487 819 3560 multa,
840 3502 915 3559 quae
929 3484 968 3545 ad
982 3484 1141 3546 doctrinam
