2482 3960
476 304 586 358 -145
616 331 649 341 -

10 444 13 477 ³
68 458 164 511 umen
187 452 261 510 ullus
287 452 399 511 illorum
421 451 606 525 misceam,
627 452 839 524 quodquidam
857 456 983 524 constet,
1003 468 1053 508 un-

10 518 14 557 ¹
41 596 44 601 ¹
68 544 152 601 quam
171 529 214 586 ita
232 534 363 587 versatus
383 528 476 586 estin
499 534 582 587 textu
601 529 775 602 tragicorum
800 533 851 588 aut
869 529 989 588 aliorum
1008 544 1054 586 re-

10 606 14 679 .⁵
67 606 226 664 cantiorum
244 611 408 677 poetarum:
429 605 483 664 soli
504 606 676 664 vetustiores
689 603 780 663 ἀοιδοὶ
792 604 966 679 petebantur
979 605 1054 664 omni

10 696 13 711 ¹
66 681 184 740 licentia
202 681 403 753 mutationum,
423 682 647 751 correctionum,
670 682 936 755 interpolationem
953 681 1054 739 litura-

66 757 188 829 rnm¹⁸);
209 774 243 816 ex
262 773 318 828 quo
336 757 422 830 plane
441 764 571 830 apparet,
592 774 655 816 eam
674 759 818 817 licentium
837 763 898 816 tum
915 758 1054 830 temporis

66 849 124 894 nun
142 849 244 893 novam
262 832 365 907 fuisse,
390 840 477 906 atque
497 834 570 894 adeo
590 850 626 892 ex
644 841 713 895 nota
732 832 847 894 fortuna
866 826 971 892 ἀοιδῶν
989 850 1055 892 anc-

66 911 213 970 toritatem
233 910 374 983 quandam
395 918 425 970 et
443 913 568 984 speciem
586 912 707 970 rationis
726 912 858 969 traxisse.

470 1121 628 1196 XLVII.

135 1291 247 1352 ¹Verum
266 1296 323 1352 ista
342 1295 437 1353 omnia
458 1295 500 1352 sic
522 1294 614 1367 accipi
633 1294 730 1365 nolin,
750 1293 832 1364 quasi
851 1292 942 1352 bonos
961 1298 991 1351 et
1009 1308 1055 1351 ac·

65 1375 179 1428 curatos
197 1369 398 1429 emendatores
417 1387 521 1443 negem
543 1372 668 1442 antiquis
685 1375 719 1428 et
734 1368 887 1441 exquisitis
897 1368 1053 1433 „mutemus

65 1461 133 1503 usos
167 1462 239 1517 esse,
273 1446 365 1516 iisque
398 1446 599 1519 comparandis
629 1447 782 1519 genuinam
805 1442 930 1505 formem
956 1450 1053 1504 textus

64 1522 250 1592 quaesivisse.
289 1521 328 1579 At
348 1522 472 1594 genuina
490 1523 547 1580 illis
567 1521 622 1583 fuit
642 1539 686 1596 en,
706 1538 780 1593 quae
798 1527 914 1595 poetam
932 1522 1054 1580 maxime

64 1597 170 1654 decere
189 1597 348 1656 videbatur.
387 1599 421 1657 In
440 1614 505 1671 qno,
524 1614 608 1659 nemo
627 1615 684 1659 non
703 1598 791 1671 videt,
816 1598 911 1658 omnic
930 1597 1054 1670 denique

64 1673 103 1731 ad
111 1672 370 1733 Alexandrinorum
379 1676 524 1747 ingenium
538 1682 568 1734 et
578 1675 728 1734 arbitrium
737 1675 842 1733 redire.
864 1674 1054 1747 Quamobrem

62 1750 94 1808 in
113 1755 194 1808 tanta
212 1757 329 1823 tamque
353 1753 522 1812 calamitosa
549 1753 634 1811 ruina
658 1752 838 1825 antiquitatis
861 1751 1054 1825 prosperrime
1095 1820 1098 1824 .

65 1828 172 1900 euenit,
197 1829 274 1885 ntis
294 1829 473 1901 potissimum
493 1845 593 1888 manns
613 1829 780 1889 admoueret
798 1829 893 1902 operi,
918 1827 1055 1902 probare·

63 1905 312 1977 torquentum,
326 1906 374 1976 qni
388 1912 467 1965 certe
481 1918 537 1966 non
554 1911 631 1965 esset
643 1907 673 1964 in
687 1905 894 1977 audacissimis,
904 1905 954 1977 qui
966 1921 1054 1977 saepe
1066 1915 1104 1954 tet

62 1977 257 2038 Zenodoteam
269 1982 460 2041 temeritatem
474 1987 636 2052 coerceret,
649 1983 698 2054 qui
705 1997 789 2040 ueras
799 1981 937 2041 sermonis
947 1979 1052 2039 Graeci

62 2055 144 2126 leges
173 2057 338 2115 acutissime
367 2060 490 2117 omnium
520 2059 707 2130 intelligeret.
755 2055 813 2114 Sed
837 2055 874 2114 de
892 2056 943 2113 -his
966 2055 1052 2114 robus

63 2132 161 2204 paullo
186 2138 260 2205 post,
280 2133 329 2190 ubi
349 2135 486 2206 exemplis
506 2133 662 2206 propositis
682 2131 876 2205 probatissimi
889 2129 989 2190 critici
1012 2132 1054 2189 in·

64 2208 179 2280 genium
199 2215 229 2266 et
248 2213 340 2266 artem
359 2208 527 2268 describam.

139 2284 186 2342 Ea
205 2285 335 2357 exempla
348 2291 461 2358 sumpts
474 2291 540 2344 sunt
549 2285 723 2357 exueliquiis
733 2287 849 2340 maram
867 2286 1054 2357 munionem,

63 2376 137 2432 quae
158 2361 225 2419 olim
244 2361 282 2419 ad
296 2359 492 2420 Ammauchum
511 2360 721 2421 reserebantur.
760 2360 851 2432 quue
870 2360 967 2418 statim
986 2367 1051 2434 post

62 2442 183 2496 mortem
203 2438 264 2496 eius
283 2434 390 2496 factum
409 2438 541 2498 arbitror.
582 2440 657 2499 Nam
678 2454 764 2510 quum
782 2435 962 2509 Ammonius,
986 2435 1050 2495 Ari-

62 2514 169 2572 starchi
189 2514 304 2573 auditor
324 2521 353 2573 ct
372 2531 521 2575 successor
539 2516 569 2574 in
590 2516 696 2576 Schola
713 2513 921 2587 Alexandrina,
946 2512 1050 2572 librum

63 2589 211 2664 scriberet,
223 2589 287 2668 cepi
300 2589 350 2648 τοῦ
383 2589 400 2670 ὴ
414 2588 557 2670 γεγονέναι
568 2591 700 2656 πλείονας
712 2586 846 2655 ἐκδόσεις
855 2591 907 2669 τῆς
915 2587 1051 2724 Ἄριστος1

59 2664 1050 2819 tuttutuuitpuuttptdtituuututtt.

62 2819 93 2876 in
107 2819 217 2876 muscis
237 2819 413 2880 circumferri
431 2823 570 2895 coepisse.
605 2822 685 2894 Quae
697 2821 801 2894 opinio
820 2826 852 2879 et
869 2817 946 2878 fama
957 2820 1051 2879 etiam

62 3085 91 3133 et
114 3012 328 3135 οἑῇϊΝιιιιὼιιιιιιι
338 3013 486 3134 {umerum
501 3014 556 3135 {tsi
572 3029 629 3069 rem
647 3013 720 3135 ephud
732 3011 1051 3135 flmffldmaffiiffms

61 3147 71 3228 i
93 3215 99 3229 .
151 3096 252 3227 'meilslnla
266 3096 725 3229 lonlisqfflsdpeciffigffimo
738 3095 982 3228 meesmiugritumo‘db
995 3097 1051 3228 llffcei

100 3231 133 3268 us
143 3232 177 3301 *m
194 3216 356 3338 ΤΙιθοΞοιιιιι2
380 3221 412 3272 18
429 3217 550 3272 verubus
567 3223 640 3273 auct1
656 3232 691 3272 ox
708 3216 775 3271 libro
792 3220 891 3270 reterns
909 3214 1051 3284 Chrysrppr

61 3282 135 3352 apud
152 3284 246 3340 Galen.
288 3300 302 3339 e
319 3284 450 3354 Hippocr.
469 3292 497 3340 et
513 3285 582 3340 Plat.
594 3285 692 3354 Dogm.
704 3284 753 3339 ΠΙ.
772 3290 840 3339 extr.
859 3282 890 3336 T.
906 3282 928 3336 L
945 3297 972 3350 p
988 3286 1047 3340 273.

129 3370 164 3433 ¹⁹)
181 3368 249 3423 Vide
265 3369 432 3438 praeclarum
450 3371 538 3426 Schol.
557 3386 572 3425 c
590 3370 705 3440 Didymo
723 3369 826 3424 exaud
837 3388 861 3422 κ.
874 3369 932 3424 397.
966 3368 1050 3424 Liber

61 3435 175 3491 ishuud
192 3437 271 3491 dubie
289 3437 359 3492 idem
376 3445 425 3506 est,
443 3439 490 3507 qui
506 3437 578 3493 adr.
591 3442 650 3494 365.
663 3437 768 3506 citatur,
785 3436 865 3516 περὶ
882 3440 941 3518 τῆς
958 3441 1040 3492 ἐπει

62 3503 223 3576 δοθείσης
240 3505 477 3577 διορθώσεως,
496 3512 524 3561 et
541 3505 609 3561 buce
624 3502 741 3563 iou-tw
758 3520 823 3560 vcra
838 3505 984 3574 suscriptio.

87 3599 176 3646 Wolf.
191 3601 359 3652 Ptolomeus.
873 3601 899 3642 id
