2482 3960
552 309 729 363 —156-

151 455 224 513 haec
242 455 316 513 ratio
335 452 464 512 firmatur
483 471 534 526 eo,
559 454 636 526 orrod
654 456 751 528 plures
774 455 1007 519 Grammaticos
1028 459 1149 518 adversm

152 529 264 590 obelum
283 530 443 588 Aristarchi
462 531 641 603 potissimum
661 532 811 604 scripsisse
834 536 1028 608 reperimus,
1046 535 1149 596 nonal-

151 622 248 665 versus
268 606 460 665 Zenodoteum
481 613 531 665 aut
549 607 848 681 AristophaneumH).

98 704 136 745 m
215 682 276 740 Iam
289 682 325 741 de
339 698 371 739 re
385 684 449 755 ipsa
461 699 544 742 nemo
558 684 737 756 exspectabit
749 690 782 742 nt
791 686 935 757 pluribus
951 688 1146 759 demonstrem,

38 786 41 791 ·
153 758 265 818 obelum
286 759 322 817 ab
335 759 502 818 Aristarcho
521 776 578 818 non
590 767 649 819 tam
664 761 700 819 iis
712 761 847 820 versibus
861 778 933 822 esse
947 767 1146 840 praepositura

151 852 221 907 quos
241 835 373 893 crederet
392 836 511 894 Homeri
530 852 586 894 non
606 852 679 909 esse,
709 854 793 909 quam
812 838 862 896 his
883 841 1040 913 omnibus,
1065 841 1147 915 quisi

151 911 318 970 viderentur
338 911 417 983 digni
437 912 820 985 reprehensioneminusqne
841 914 929 987 digni
952 919 1025 978 loco
1045 936 1096 978 suc
1112 918 1148 977 rel

154 988 365 1047 absolutissima
384 995 447 1046 arte
467 989 604 1061 principis
623 995 781 1062 poetarum.
819 989 867 1049 Ac
886 993 968 1052 mihi
983 994 1149 1066 quidemhir

153 1066 297 1139 posterior
316 1082 384 1123 usus
405 1065 480 1123 obeli
499 1065 613 1123 videtur
626 1072 754 1139 tempore
767 1067 879 1138 primus
894 1074 929 1127 et
944 1071 1148 1144 significatione

153 1143 275 1200 maxime
293 1143 426 1214 proprius
445 1139 543 1200 fuisse.
583 1142 750 1214 Quanquam
770 1143 843 1200 enim
865 1145 912 1202 vir
934 1147 993 1206 ille
1014 1148 1148 1207 cumdot·

153 1220 379 1289 tissimoquoque
390 1220 1001 1298 aequaliumcognoverat,versusrepende

152 1296 181 1351 in
194 1295 296 1367 priscis
310 1294 421 1351 vatibus
435 1295 494 1366 legi
507 1310 592 1366 quam
605 1296 750 1368 plurimos,
771 1300 802 1353 et
813 1296 1064 1369 interpolationis
1076 1302 1148 1360 hmnr

151 1369 244 1428 fontes
258 1385 348 1442 prope
362 1386 419 1426 una
432 1386 496 1428 cum
511 1370 689 1429 Carminibus
699 1372 769 1444 ipsis
778 1374 966 1448 prorupisse,
981 1372 1147 1449 tamennon,

154 1445 222 1517 quid
243 1446 378 1504 cecinerit
390 1446 542 1519 Homerus,
562 1447 613 1504 sed
633 1447 702 1519 quid
721 1464 824 1506 canere
843 1448 1001 1526 debuerit,
1023 1458 1148 1527 spectaro

156 1522 256 1580 debuit
275 1523 484 1581 emendaturus.
524 1524 597 1581 Nam
623 1525 647 1581 si
675 1540 711 1582 ex
734 1525 783 1596 iis,
810 1540 886 1596 quae
904 1526 1062 1589 hactenus
1080 1531 1148 1589 dicta

148 1605 222 1672 sunt,
242 1599 381 1672 capienda
401 1601 511 1673 species
532 1607 577 1658 est
595 1607 723 1658 veterum
742 1600 881 1674 codicum,
901 1619 984 1674 quos
1005 1606 1060 1665 ille
1073 1606 1147 1666 adhi-

99 1677 253 1748 crebuerit,
274 1679 294 1733 ii
313 1678 343 1733 in
361 1676 452 1734 Hiade
473 1683 503 1734 et
522 1676 653 1749 Odyssea
671 1678 747 1734 inter
766 1693 798 1735 se
816 1677 896 1735 haud
914 1682 1021 1741 minus
1045 1683 1147 1742 disson·

153 1758 261 1824 serunt,
281 1769 337 1824 qua
350 1751 572 1812 conformatione
587 1760 616 1811 et
629 1760 689 1812 toto
702 1753 802 1811 habitu
815 1755 1004 1826 singularum
1017 1760 1146 1832 partiunt,

154 1846 211 1900 qua
224 1845 341 1885 numero
354 1845 496 1900 versuum,
511 1846 595 1901 quam
608 1829 721 1889 codices
734 1830 1090 1903 Batrachomyomachiae
1099 1837 1147 1895 boc

153 1906 267 1963 saeculo
287 1906 424 1977 congesti,
445 1922 507 1962 cum
521 1907 632 1977 vulgari
645 1912 733 1964 textu.
772 1906 833 1965 Hos
847 1914 965 1982 excute,
988 1917 1147 1985 quaeso‚ct

153 1982 293 2054 experire,
315 1997 351 2038 an
369 1983 541 2054 poematium
560 1982 715 2040 extundere
736 1999 772 2040 ex
783 1983 818 2041 iis
832 1985 938 2056 possis,
961 1990 1054 2058 quale
1066 1988 1146 2049 fuerit

152 2060 285 2132 primum!
307 2058 379 2116 Tum
400 2060 486 2116 etiam
505 2059 575 2116 illud
595 2059 761 2131 cogitemus,
782 2060 949 2118 iuveniliter
970 2064 1090 2125 ludenti
1102 2082 1146 2139 po

152 2274 239 2338 βομεν
266 2273 295 2322 ἐκ
323 2277 370 2339 τῆς
399 2270 596 2340 Ζηνοδότου
627 2270 801 2338 διορθώσεως
847 2269 937 2325 Etiam
963 2290 1038 2341 quae
1056 2277 1096 2330 ibi
1111 2291 1146 2330 sc·

155 2346 273 2408 quuntur
291 2341 323 2393 de
341 2339 444 2392 duobus
462 2354 512 2392 vss.
531 2338 727 2405 ἀθετουμένοις,
745 2338 892 2407 pertinent,
916 2339 938 2391 si
966 2343 1036 2410 quid
1054 2344 1146 2411 iudico,

155 2409 189 2461 ad
205 2408 397 2474 Aristarchum,
415 2423 467 2459 non
485 2405 519 2458 ad
536 2405 708 2459 Zenodotum.

218 2492 255 2553 39)
280 2490 317 2544 Ut
335 2490 501 2544 Zenodotum
524 2491 651 2544 minorem
669 2492 697 2544 iu
714 2491 781 2544 libro
799 2492 868 2560 πρὸς
884 2492 919 2542 τὰ
937 2494 991 2546 ὑπ’
1010 2496 1146 2566 Ἀριστάρ-

168 2577 198 2609 ου
218 2559 391 2620 &aaronitae
410 2562 456 2610 τοῦ
468 2563 586 2623 ποιητοῦ,
602 2559 666 2612 item
678 2566 940 2627 supramemoratum
952 2561 1145 2630 Callistratum,

146 2577 319 2679 {lemetrium
338 2626 465 2693 Ixionem,
483 2626 568 2695 Pium,
586 2627 661 2694 alios,
679 2627 912 2695 ἀπολογουμένους
929 2631 1005 2697 πρὸς
1022 2633 1075 2692 τὰς
1085 2634 1145 2685 oto

150 2694 245 2762 τήσεις
271 2694 455 2816 (Ἀριστάὸἷου
477 2699 554 2761 puta)
578 2711 625 2748 seu
649 2696 717 2764 πρὸς
740 2696 803 2754 τοὺς
820 2695 927 2764 στίχους
944 2699 1002 2766 ide
1037 2702 1145 2765 μένοοςς

153 2762 266 2815 fortasse
284 2761 363 2815 etiam
414 2763 544 2829 eanthem,
563 2763 677 2816 nobilem
689 2763 813 2830 Stoicum,
833 2766 861 2814 ἐν
876 2768 911 2814 τ“
924 2767 1016 2832 πρὸς’
1054 2769 1144 2837 ἵσταο

172 2850 200 2881 ου
221 2829 281 2900 [den
301 2829 409 2884 Samier.
439 2830 463 2884 S,
483 2831 604 2898 Krische,
622 2831 738 2898 theolog.
756 2831 864 2885 Lehren
900 2847 929 2885 er
946 2786 1059 2889 Griccfi.
1077 2836 1145 2891 Den-

178 2914 208 2951 er
224 2916 249 2966 p.
269 2902 340 2953 394:
366 2899 420 2952 Chr
438 2900 496 2966 sipp
552 2899 591 2952 Ol.
612 2903 685 2967 143,
706 2898 845 2952 Aristarch
862 2897 909 2952 dor
925 2899 1052 2956 Kritiker
1071 2903 1145 2957 blunt

158 2967 197 3020 Ol.
218 2971 294 3032 156.].
328 2967 396 3020 Vide
415 2917 491 3034 {ica
509 2903 599 3020 {cert
612 2965 672 3032 VII,
692 2969 747 3020 174.
766 2963 861 3020 Scholl.
879 2967 914 3019 ad
932 2986 958 3020 u.
969 2973 1032 3025 424.
1053 2973 1143 3031 0437.

154 3053 182 3097 μ.
203 3036 257 3088 175.
276 3035 347 3088 δεον.
366 3034 400 3087 ad
418 3033 491 3101 Virg.
510 3037 576 3088 Aen.
585 3033 618 3101 V,
637 3036 703 3101 735,
721 3050 773 3101 quo
791 3035 848 3087 loco
869 3036 942 3102 Pica,
961 3039 1073 3090 Homeri
1084 3058 1144 3091 corr·

156 3113 293 3163 mactator,
322 3103 368 3169 qui
392 3103 420 3154 in
444 3102 540 3155 Scholl.
567 3103 646 3155 etiam
665 3120 687 3154 ε.
706 3106 764 3156 638.
782 3103 804 3154 λ.
825 3107 880 3156 100.
899 3122 926 3170 φ.
944 3108 988 3157 55.
1010 3107 1069 3162 147.
1087 3110 1144 3162 293.

154 3169 286 3237 laudatur,
310 3170 374 3224 dicit
392 3170 594 3237 descriptionem
613 3171 698 3238 Elysii
715 3170 771 3224 sive
788 3170 877 3237 potius
893 3171 1043 3226 insularum
1062 3174 1144 3230 sortu-

153 3246 282 3306 natarum,
301 3255 367 3305 quas
385 3237 525 3291 Sallustius
543 3239 685 3305 scripserat
707 3238 821 3292 inclutas
839 3253 896 3291 esse
913 3239 1027 3294 Homeri
1044 3242 1144 3296 Carmi-

148 3305 233 3370 nibus,
252 3309 381 3360 sublatam
400 3320 457 3359 esse
476 3306 558 3376 [circa
576 3306 694 3359 lunarem
712 3306 847 3374 circulum,
864 3306 909 3359 ubi
921 3322 969 3359 aer
1001 3309 1078 3363 urior
1096 3316 1143 3364 est

152 3373 185 3425 cf.
198 3373 308 3428 Nitzsch
325 3374 452 3427 Anmerk.
470 3390 504 3426 zu
521 3374 554 3426 H.
573 3373 718 3441 Odyssee3
755 3377 860 3442 .317*].
878 3375 895 3427 i.
914 3389 937 3427 e.
957 3324 1143 3448 ἐξῃρημένον.

152 3439 282 3519 Putabam
300 3441 455 3510 aliquando,
479 3441 506 3494 id
523 3442 657 3520 pertinere
675 3442 710 3495 ad
727 3390 819 3508 &dyas
843 3445 865 3494 δ.
883 3446 1030 3499 cco-569.
1065 3445 1143 3499 Nunc

153 3523 255 3575 opmor,
272 3512 359 3564 locum
375 3526 428 3563 non
446 3524 504 3563 esse
522 3525 550 3562 m
566 3509 682 3564 Homero
700 3516 798 3563 nostro.
