2482 3960
567 294 739 347 ..2-

155 454 217 498 sum
238 437 352 510 quidem
372 439 448 499 bona
468 444 498 498 et
518 438 689 508 tolerabilia,
711 440 764 499 sed
784 440 821 501 ad
841 442 1046 501 auctoritatem
1068 443 1158 503 nihilo

153 515 274 575 meliora
287 515 428 588 pessimis.
462 516 543 574 Iusta
557 520 653 574 autem
667 518 809 589 recensio,
829 517 970 577 bonorum
984 520 1158 578 instrumen-

152 596 247 650 torum
267 592 391 651 omnium
411 592 519 666 stipata
539 592 695 665 praesidio,
716 593 822 664 ubique
842 611 938 652 veram
957 611 1071 654 manum
1088 597 1158 654 scri-

152 668 244 741 ptcris
254 669 388 740 rimatur3
400 670 560 742 scripturae
572 669 718 740 cuiusque,
730 685 788 726 non
797 670 881 729 modo
892 677 1053 744 suspectae,
1065 677 1158 730 testes

154 745 255 803 ordine
276 745 446 817 interrogat,
468 750 498 802 et
518 761 605 816 quam
625 761 723 803 omues
744 752 881 817 annuunt,
902 763 959 805 non
978 749 1034 804 nisi
1048 749 1156 820 gravis-

152 820 231 878 simis
253 818 289 879 de
303 822 397 878 causis
410 821 473 883 loco
489 826 599 891 movet3
620 820 687 893 alia,
708 837 762 893 per
777 838 808 879 se
822 822 964 894 scriptore
978 823 1155 897 dignissima,

126 911 138 951 s
153 895 234 955 etad
249 897 400 955 veritatem
412 913 464 955 seu
475 897 650 969 elegantiam
661 897 825 955 sententiae
835 899 951 969 optima,
966 901 1088 958 nonnisi
1099 899 1156 958 suf·

151 970 314 1045 fragatione
334 974 450 1031 testium
469 973 589 1046 recipit3
610 972 688 1031 haud
707 989 774 1032 raro
795 973 877 1046 adeo,
899 975 1067 1046 cogentibus
1087 977 1155 1044 illis„

151 1066 204 1122 pro
224 1049 351 1108 venustis
372 1047 458 1108 infert
477 1050 570 1107 minus
591 1055 727 1120 venusta3
749 1051 912 1122 emplastris
933 1052 1035 1109 solutis
1056 1052 1155 1109 ulcera

151 1125 254 1197 nudat3
278 1125 401 1197 denique
421 1143 478 1185 ncn
497 1131 659 1184 monstrata
672 1127 774 1198 solum,
797 1132 830 1183 ut
842 1126 911 1184 mali
925 1127 1037 1196 medici,
1059 1128 1155 1186 sedet

149 1201 273 1260 latentia
292 1203 362 1260 vitia
382 1207 473 1260 curat.
513 1201 577 1259 Hac
596 1203 626 1258 in
646 1202 759 1260 ratione
780 1203 897 1260 tametsi
916 1204 1033 1275 ingenio
1054 1210 1084 1261 et
1098 1206 1154 1261 arti

151 1277 333 1337 coniectandi
346 1278 462 1335 minime
475 1277 554 1336 locus
569 1277 661 1349 deest,
683 1283 778 1335 tamen
794 1280 926 1349 quoniam
941 1281 1032 1338 omnis
1046 1281 1153 1337 veteris

151 1355 312 1426 scripturae
327 1352 397 1411 fides
412 1353 448 1411 ab
463 1354 636 1426 incorruptis
649 1355 838 1412 monumentis
849 1355 966 1427 pendet,
980 1362 1048 1413 ante
1058 1357 1154 1414 omnia

150 1435 195 1488 est
215 1430 431 1500 elaborandum,
452 1429 483 1487 id
504 1429 581 1501 quod
601 1428 664 1487 fieri
686 1436 765 1488 certe
785 1432 885 1502 nequit
899 1433 960 1488 sine
975 1432 1099 1503 ingenio,
1121 1437 1155 1488 ut
1193 1482 1196 1487 ,

151 1505 282 1578 fontium,
302 1506 379 1564 unde
400 1507 537 1577 cuiusque
557 1507 707 1579 scriptoris
729 1513 824 1565 textus
844 1507 1002 1579 hauriatur,
1023 1507 1160 1580 proprie<

148 1587 225 1641 tates
247 1587 277 1640 et
296 1583 474 1654 singularem
495 1588 628 1641 naturam
649 1589 823 1655 scrutemur3
848 1585 943 1642 varios
969 1589 1073 1655 testes,
1099 1599 1153 1655 per

149 1660 260 1717 classes
282 1663 312 1716 et
331 1657 455 1717 familias
476 1658 648 1731 dispositos,
677 1677 713 1718 ex
737 1676 790 1717 sua
811 1675 951 1730 quemque
971 1659 1067 1717 indole
1094 1675 1152 1716 me-

149 1736 270 1804 tiamur,
301 1740 388 1806 atque
414 1734 577 1793 calliditate
602 1736 742 1807 quadam,
772 1752 826 1793 nee
850 1737 900 1792 illa
920 1742 1016 1792 tamen
1036 1734 1151 1806 cupida,

151 1827 249 1870 corum
268 1816 405 1882 tanquam
425 1827 510 1870 voces
531 1817 560 1868 et
580 1817 665 1869 nutus
687 1812 821 1883 excipere
841 1811 994 1867 discamus.
1034 1811 1150 1868 Etenim

150 1887 179 1944 in
204 1887 334 1960 plurimis
362 1887 449 1945 rebus
475 1892 505 1945 et
526 1885 647 1959 (tritico,
674 1892 703 1944 et
723 1887 884 1957 quicunque
904 1885 960 1944 sibi
979 1903 1040 1944 rem
1061 1885 1151 1945 histo-

150 1965 240 2022 ricam
261 1963 466 2034 exquirendam
487 1963 624 2035 sumpsit,
652 1962 792 2021 imitanda
812 1968 857 2019 cst
876 1962 943 2021 boni
963 1962 1065 2020 iudicis
1086 1978 1151 2021 con-

150 2039 274 2098 suetudo
295 2046 324 2098 et
345 2039 513 2112 prudentia3
534 2039 583 2110 qui
602 2040 692 2112 prius,
714 2038 783 2110 quid
802 2043 893 2097 testes
913 2037 1051 2110 afferant,
1073 2039 1151 2096 lente

151 2118 298 2189 explorat,
326 2121 356 2174 et
380 2116 475 2175 omnia
495 2116 625 2174 veritatis
653 2118 823 2187 argumenta
843 2115 966 2186 colligit,
991 2130 1076 2184 quam
1107 2114 1151 2171 rei

150 2199 252 2265 gestae
272 2192 466 2250 coniecturam
480 2208 560 2250 suam
574 2193 758 2264 interponere
780 2191 895 2249 audeat.
934 2189 978 2247 Ac
997 2206 1033 2247 ne
1053 2195 1151 2261 potest

150 2268 266 2339 quidem
291 2267 367 2340 lieri,
394 2272 426 2325 ut
451 2269 500 2338 qui
526 2269 627 2340 paucis
647 2266 806 2338 codicibus,
828 2267 928 2337 quales
948 2266 1033 2337 vulgo
1053 2281 1151 2323 occur-

148 2349 232 2415 runt,
258 2341 350 2401 hctus
371 2343 564 2402 coniecturam
584 2344 712 2414 quamvis
733 2343 919 2414 sagacissime
946 2346 1080 2400 exerceat
1110 2342 1152 2398 iu-

148 2421 246 2478 multis
267 2425 395 2477 veterem
417 2434 451 2478 ac
472 2433 638 2490 germanam
658 2419 830 2490 scripturam
856 2423 1036 2488 assequatur.
1075 2417 1151 2476 Nam

149 2502 183 2555 ut
213 2496 243 2553 iu
272 2494 359 2554 rebus
378 2493 540 2553 iudicandis
566 2494 730 2554 tabularum
756 2499 786 2552 et
810 2495 972 2553 litterarum
1001 2495 1151 2566 penuriam

149 2573 296 2646 ingenium
316 2587 501 2646 compensare
521 2571 630 2629 nullum
658 2576 769 2643 potest3
794 2571 836 2630 ita
856 2572 997 2629 acerrima
1017 2571 1079 2629 eius
1099 2570 1151 2640 vis,

149 2665 207 2708 non
226 2653 391 2722 temperata
411 2654 441 2706 et
461 2648 582 2717 subacta
601 2647 717 2707 assiduo
738 2664 793 2705 usu
817 2645 970 2718 librorum,
1000 2647 1030 2704 iu
1061 2646 1151 2704 histo·

149 2726 218 2784 ricis
240 2730 270 2783 et
290 2725 396 2784 criticis
416 2724 503 2785 rebus
523 2721 632 2783 frustra
651 2722 773 2782 laborat.
800 2723 913 2797 Quippe
932 2723 988 2782 hae
1008 2728 1150 2793 utraeque

128 2818 202 2861 eres
231 2802 324 2873 magis
343 2801 457 2860 nomine
478 2817 563 2871 quam
583 2816 690 2872 genere
710 2800 787 2858 inter
806 2816 837 2859 se
859 2800 1007 2872 differunt,
1027 2815 1081 2857 nec
1108 2798 1151 2855 di-

153 2878 244 2936 versis
264 2883 399 2936 tenentur
419 2876 565 2935 iudicandi
582 2877 701 2948 regulis.
740 2876 843 2947 Itaque
856 2883 889 2933 ut
900 2877 1056 2947 ingenium,
1075 2874 1151 2933 sicut

90 2969 94 2975 ·
149 2971 203 3027 par
223 2959 276 3026 est,
296 2952 521 3012 membranaceis
542 2952 687 3011 thesauris
707 2953 793 3025 longe
813 2950 972 3025 praeferas,
994 2951 1149 3024 plurimum

148 3036 245 3088 tamen
270 3031 392 3087 interest
411 3029 502 3101 ipsius
527 3029 651 3100 ingenii,
678 3045 764 3100 quam
783 3029 921 3101 plurimos
942 3028 1056 3086 codices
1076 3044 1151 3086 conr·

149 3106 257 3179 parari,
278 3121 400 3176 quorum
419 3105 591 3164 testimoniis
605 3104 743 3163 iudicium
757 3104 794 3162 de
808 3120 878 3163 vera
892 3105 1016 3163 lectione
1030 3103 1148 3173 nitatur,

150 3190 180 3241 et
198 3182 295 3240 multis
321 3181 412 3239 modis
443 3180 596 3239 adiuvetur
615 3180 762 3240 divinatio.
804 3181 900 3253 Quare
930 3197 986 3251 quo
1017 3177 1149 3250 hequen-

148 3260 206 3317 tius
236 3259 360 3330 scriptor
389 3256 493 3328 aliquis
526 3257 565 3316 ad
592 3257 722 3316 codicum
743 3257 924 3316 collationem
949 3261 1067 3316 vocatus
1096 3260 1148 3325 est,

149 3351 184 3394 eo
209 3335 301 3406 magis
328 3334 405 3393 iusta
431 3335 481 3392 illa
501 3340 531 3392 et
551 3339 686 3393 constans
707 3335 837 3393 recensio
864 3334 957 3392 locum
985 3331 1089 3391 habet:
1119 3331 1149 3386 in

151 3411 257 3470 ceteris
277 3411 326 3481 qui
346 3410 440 3469 adhuc
458 3411 606 3483 paucitate
628 3409 822 3469 subsidiorum
835 3410 976 3481 laborant,
996 3407 1075 3467 haud
1090 3407 1149 3465 scio

148 3503 187 3548 an
219 3487 443 3561 multiplicandis
463 3492 607 3546 textorum
627 3486 726 3546 formis
744 3485 818 3546 haee
842 3485 953 3558 studia,
982 3484 1066 3567 nimis
1096 3498 1150 3556 per
