2482 3960
514 293 690 350 ..75-

104 461 173 504 vero
195 443 304 515 eadem,
324 448 358 501 ut
378 443 488 516 opinor,
515 444 545 500 in
564 445 686 504 maximo
707 445 774 504 olim
793 461 911 503 numero
931 444 1099 517 rhapsodia-

104 538 177 593 rum,
197 522 240 578 ita
259 518 382 577 difficilis
401 526 519 592 repertu
540 519 603 593 fuit,
630 528 663 579 ut
682 521 851 594 posterioris
872 523 977 580 aetatis
998 522 1100 579 studiis

105 605 136 656 et
155 598 318 669 elegantiae
344 613 400 654 non
415 596 568 656 tribuenda
587 598 727 656 videatur.
760 599 857 670 Atque
877 600 949 657 haec
968 599 1042 656 ratio
1064 614 1097 657 eo

64 709 66 714 ,
104 674 283 747 probabilior
301 671 360 745 fiet,
380 673 406 730 si
425 674 461 732 ab
481 674 544 746 ipso
564 674 656 747 primo
677 679 795 734 auctore
814 674 891 732 filum
912 674 1027 733 fabulae
1040 675 1097 732 iarn

103 751 286 822 aliquatenus
308 748 462 808 deductum
483 766 548 809 esse
568 751 729 824 apparebit.
810 771 812 775 ¹

531 946 675 1021 XXIX.

181 1099 239 1160 Sed
257 1101 329 1159 illud
348 1099 446 1161 forsan
465 1102 566 1160 ludere
587 1107 640 1172 est,
659 1117 716 1160 non
730 1100 904 1173 ratiocinari,
924 1102 1097 1174 praesertim

102 1177 228 1235 intanta
242 1178 419 1236 auctoritate.
428 1178 556 1250 vulgaris
570 1178 775 1250 persuasionis.
811 1178 886 1249 Quid
900 1194 978 1250 ergo,
993 1179 1017 1235 si
1030 1178 1097 1234 Ari-

103 1253 215 1311 stotelis
225 1254 305 1325 leges
317 1254 425 1327 apicas,
439 1260 580 1326 quatenus
590 1255 641 1312 illa
650 1255 837 1327 persuasione
847 1255 985 1325 nituntur,
1000 1254 1098 1313 obtur-

102 1329 202 1388 bemus
218 1330 334 1389 vocibus
347 1331 604 1390 Grammaticorum
613 1338 742 1389 veterum
754 1332 887 1403 omnium,
905 1348 1025 1403 quorum
1036 1332 1097 1388 nub

102 1406 148 1462 lus
162 1412 305 1479 superest,
323 1408 372 1478 qui
387 1409 468 1466 novis
478 1408 656 1466 acuminibus
668 1408 703 1466 de
717 1408 855 1480 primaria
865 1410 978 1466 actione
988 1408 1095 1466 Iliados

102 1482 257 1554 proludat?
280 1482 468 1542 Consentiunt
488 1485 563 1542 enim
583 1501 691 1556 omnes,
710 1485 740 1540 in
759 1484 851 1542 Iliade
872 1485 1012 1542 contineri
1024 1493 1097 1555 pecta

104 1560 269 1614 Graccomm
289 1569 312 1614 ct
336 1562 515 1615 Troianorum
529 1563 670 1630 suillium,
692 1567 730 1632 et,
751 1561 776 1618 si
787 1560 856 1632 quid
870 1560 989 1631 addunt,
1003 1563 1094 1629 fortia
1113 1572 1151 1612 ιιι

94 1637 177 1706 facta
199 1637 320 1690 Achillia
359 1637 406 1695 Ita
431 1637 461 1693 in
485 1637 584 1710 primis
610 1638 687 1695 clare
713 1642 812 1695 auctor
837 1637 903 1694 libri
923 1636 959 1694 de
979 1636 1098 1693 Homeri

100 1711 192 1782 pc'e‘si,
198 1711 249 1782 qui
258 1711 310 1768 sub
316 1711 465 1771 Plutarchi
473 1715 586 1772 nomine
598 1713 707 1784 aditur3
718 1713 935 1771 itaEustatbius
944 1710 1097 1782 ubique90).

101 1786 158 1844 Hic
177 1792 273 1845 tamen
287 1788 357 1846 illud
370 1789 451 1862 prius
465 1791 555 1848 solum
569 1790 719 1848 constituit
728 1806 866 1847 summam
881 1789 1030 1859 Carminis,
1050 1789 1091 1844 in-

101 1878 190 1935 super
209 1863 332 1922 absurde
353 1865 468 1937 docens,
487 1867 628 1925 Achillem
647 1868 678 1923 in
700 1882 734 1924 eo
753 1882 823 1938 prae
838 1867 942 1923 ceteris
955 1863 1089 1923 heroibus

99 1943 253 2012 tantopere
273 1947 405 2000 ornatum
425 1958 498 2014 esse,
519 1944 587 2014 qnia
599 1943 741 2001 Homerus
761 1944 836 2000 hunc
848 1943 1035 2014 praecatoris
1050 1941 1092 1996 di-

99 2015 213 2072 lexerit.
246 2016 389 2089 Absurde,
409 2019 533 2091 inquam‚
548 2020 610 2090 hoc,
625 2026 655 2078 et
665 2036 701 2077 ex
713 2023 827 2076 vetusto
841 2034 948 2089 errore,
963 2019 1011 2088 qui
1024 2022 1092 2089 poe-

99 2097 162 2149 tam
181 2092 272 2150 omnis
292 2090 354 2151 fere
374 2096 513 2153 materiae
533 2112 629 2152 rerum
642 2111 759 2152 suarum
772 2096 949 2152 inventorem
962 2093 1096 2150 iaciebat.

100 2167 209 2225 Verum
219 2168 291 2239 quis,
306 2170 355 2239 qui
365 2170 623 2229 Grammaticorum
635 2170 730 2229 fontes
741 2171 828 2237 norit,
840 2187 896 2228 non
907 2172 1038 2242 impense
1049 2169 1098 2227 de·

100 2244 232 2316 miretur,
242 2245 494 2306 neAlexandrinos
505 2248 620 2319 quidem
627 2247 749 2305 criticos
759 2262 858 2303 veram
867 2247 924 2304 vim
935 2245 1095 2318 argumenti

100 2320 248 2378 Homerici
263 2328 446 2394 perspectam
458 2324 604 2396 habuisse,
615 2340 700 2395 quam
715 2328 814 2382 nostra
827 2329 918 2394 aetas,
932 2338 1094 2394 quanquam

100 2413 159 2455 non
179 2397 281 2455 eodem
300 2399 403 2472 modo,
428 2401 486 2458 iam
506 2401 613 2460 dudum
634 2406 768 2459 assecuta
788 2398 881 2472 sit⁸)‘i
909 2400 1005 2471 Inepti
1025 2405 1091 2457 sunt

189 2525 225 2591 ⁹⁰)
261 2524 298 2578 Ut
323 2524 351 2577 in
373 2524 495 2579 Prooem.
513 2540 539 2591 p.
558 2529 582 2578 8.
612 2524 667 2577 Ὅτι
693 2526 729 2577 ἐκ
756 2530 815 2596 τῆς
841 2528 900 2577 τοῦ
924 2524 946 2577 Ἀ
978 2523 1100 2582 ιλλέως

102 2592 305 2661 ἀρξάμενος
326 2592 481 2663 μήνιδος,
505 2593 675 2664 ἀφηγήσετοι
698 2595 731 2646 τὰ
754 2595 783 2645 ἐν
807 2594 878 2665 αὐτῇ
896 2542 1095 2660 σομέεβηκότα

101 2659 178 2724 κακὰ,
197 2661 230 2712 οὐ
248 2661 331 2723 μόνον
350 2663 407 2720 τοῖς
426 2659 541 2732 Ἀχαιοῖς,
561 2662 586 2712 εἰ
603 2662 646 2713 καὶ
664 2663 771 2721 τούτοις
788 2661 831 2713 ἐπὶ
849 2662 943 2721 πλέον,
968 2661 1039 2722 ἀλλ’,
1063 2659 1100 2718 ὡς

102 2727 188 2791 εἰκὸς,
215 2728 259 2778 καὶ
282 2731 339 2788 τοῖς
362 2725 474 2796 Τρωσίν.
515 2729 635 2783 Pertinet
658 2729 710 2783 hoc
732 2745 792 2783 cum
811 2729 886 2796 aliis,
911 2744 979 2796 quae
997 2728 1095 2782 ibidem

102 2794 282 2863 disputantur,
300 2796 335 2850 ad
344 2796 475 2850 celebrem
488 2799 679 2865 quaestionem,
697 2813 744 2850 cur
755 2797 935 2851 narrationem
947 2795 1052 2848 domum
1064 2794 1099 2847 ab

101 2862 144 2915 ira
160 2862 273 2917 Achillis
291 2879 402 2918 exorsus
425 2865 460 2917 sit
477 2865 617 2919 Homerus.
653 2866 766 2918 Diversa
788 2865 879 2917 fatuae
897 2862 1096 2930 superstitionis

103 2931 225 2997 quaestio
243 2931 302 2999 fuit,
327 2948 375 2987 cur
392 2932 604 3000 splendidissimo
622 2932 697 3000 operi
714 2932 822 2987 loedum
840 2938 867 2983 et
884 2929 1029 2983 infaustum
1046 2945 1092 2981 no-

102 3013 165 3051 men
176 2999 290 3069 μήνιδος
306 3000 469 3068 praefixerit.
505 3001 671 3054 Alterutram
691 3007 738 3054 aut
755 3000 844 3067 potius
861 3000 939 3064 hanc,
959 3013 1038 3066 quam
1050 3013 1097 3048 nu-

101 3079 155 3144 per
172 3082 206 3119 ex
224 3067 336 3122 Scholiis
354 3068 502 3136 didicimus
520 3068 591 3122 ridet
608 3069 719 3122 Lucian.
738 3069 768 3121 T.
786 3069 822 3121 Π.
840 3084 866 3135 p.
887 3069 953 3135 117,
976 3065 1022 3119 ubi
1039 3065 1110 3117 Her

103 3132 186 3187 delmi
203 3137 305 3189 somnia
322 3137 419 3190 acerbe
437 3137 609 3204 exagitantur
626 3152 645 3189 a
659 3137 736 3190 Mose
755 3136 859 3190 Solano.

167 3220 191 3287 Ιι)
213 3219 237 3272 ll
254 3235 288 3273 ne
306 3221 365 3274 iant
383 3236 435 3289 que
450 3222 535 3288 jettor
553 3221 592 3275 les
609 3237 681 3290 yeux
698 3237 744 3275 sur
760 3221 865 3274 l’lliade
881 3235 952 3339 pour
968 3217 1026 3271 voir
1044 3231 1096 3284 que

103 3291 147 3339 cet
165 3301 283 3354 ouvrage
301 3296 342 3342 est
360 3304 404 3342 un.
440 3289 512 3343 C'est
529 3295 639 3356 partout
654 3290 679 3342 la
697 3292 782 3342 meme
801 3289 857 3354 but,
892 3289 1009 3339 aniame
1027 3284 1096 3352 style
1129 3291 1143 3327 ι

103 3361 131 3407 et
148 3370 199 3422 par
216 3357 379 3424 consequent
396 3356 415 3409 il
433 3359 478 3426 n’y
495 3373 518 3440 οἸ
529 3358 687 3437 οιιόοιοιιί
704 3357 809 3436 homme
827 3355 873 3423 qui
891 3353 929 3407 ait
947 3369 984 3473 piu
996 3367 1028 3405 en
1041 3355 1098 3405 atre

102 3421 225 3475 l'auteur.
261 3422 397 3491 (Batteux‚
416 3424 453 3478 du
470 3440 565 3492 poema
583 3427 693 3493 bprqu03
712 3439 846 3492 principes
863 3423 896 3476 de
914 3422 941 3474 la
972 3422 1098 3475 terature.

102 3489 180 3543 Paris
200 3493 274 3547 1764.
292 3492 319 3544 ΙΙ
337 3507 363 3560 p.
381 3496 452 3559 318.)
