2482 3960
560 377 671 430 -152
700 403 735 413 -

155 526 232 585 modi
250 523 369 584 ferenda
389 540 462 596 esse,
482 539 535 583 uec
553 524 670 595 indigna
689 525 826 597 repetitu,
846 541 926 596 quae
946 527 1006 585 ille
1028 527 1069 587 ad
1082 545 1155 602 prae
1194 588 1196 605 ,

155 609 240 677 cepta
265 618 317 661 sua
341 600 434 673 rigide
459 604 628 658 mutaverat:
669 599 726 658 Sed
745 600 897 661 obscurius
919 610 971 661 est
991 604 1056 664 hoc
1075 612 1155 665 totnn
1194 608 1196 631 ²

157 696 246 752 genus
265 694 369 750 rerum,
389 693 474 750 quam
494 682 527 734 nt
545 677 599 736 hec
617 677 681 735 loco
700 677 840 735 illustrari
858 678 1018 752 queatffi).

220 804 256 870 ³³)
278 803 364 857 Unam
382 817 438 855 rem
457 801 573 854 breviter
591 801 734 868 attingam,
758 801 856 856 formas
875 808 905 855 et
922 809 1090 873 potestates
1105 822 1152 877 pro

153 871 288 924 nominum
305 870 339 924 ab
351 870 507 924 Aristarcho
525 868 675 922 accuratius
693 869 857 923 constitutas.
888 869 968 924 Nam
988 873 1048 929 hoc
1060 890 1153 945 qnoque

153 939 188 992 ad
205 955 265 992 eum
283 938 451 992 referendum
468 943 517 1004 est,
535 936 607 1004 quod
624 941 702 1004 σφῶε
719 953 736 990 a
753 942 833 1005 σφῶϊ,
850 937 903 989 ἑοῦ
920 939 961 994 ab
976 940 1013 994 ἕο
1025 942 1153 1013 distingui·

153 1011 206 1076 tur,
224 1006 294 1075 quod
312 1008 384 1074 σφίν,
409 1006 486 1073 opes,
511 1005 646 1073 σφέτερος
663 1005 795 1059 communi
812 1021 863 1059 usu
881 1005 917 1059 de
933 1009 1074 1075 pluribus
1091 1028 1153 1067 usur·

154 1081 234 1142 patur
251 1075 279 1128 in
296 1075 377 1128 tertia
394 1089 516 1143 persons,
543 1074 587 1133 ἑός
605 1073 638 1126 de
656 1089 709 1126 uno
727 1081 778 1127 etc.
812 1073 852 1127 ci.
872 1073 983 1130 Scholl.
1005 1080 1046 1133 ad
1063 1099 1089 1135 a
1106 1084 1153 1136 aba

152 1161 175 1194 κ.
193 1147 250 1198 546.
269 1143 292 1195 l.
313 1144 369 1197 142.
393 1140 514 1209 Apollon.
533 1141 567 1194 11.
586 1157 612 1208 p.
632 1145 689 1196 159.
710 1145 765 1197 169.
785 1140 885 1208 [Apoll.
903 1141 941 1197 de
963 1161 1051 1213 prom
1064 1151 1152 1217 ΜΨ]

153 1211 216 1264 alibi
233 1214 338 1279 passim.
369 1210 500 1265 Nimirum
519 1224 558 1276 ea,
577 1224 645 1276 quae
664 1210 717 1263 leni
734 1209 901 1264 correctione
911 1211 945 1264 in
955 1217 1057 1281 poecis
1068 1217 1153 1271 mutari

153 1285 286 1347 poterant,
303 1278 416 1333 mutarit
433 1278 492 1343 ille3
511 1292 580 1345 quae
598 1282 688 1331 autem
706 1278 755 1331 tali
773 1277 934 1332 comestioni
956 1297 1036 1351 repu
1093 1284 1153 1352 bant

153 1363 202 1414 pro
219 1346 386 1414 interpolatis
404 1345 505 1411 habuit,
523 1350 554 1397 ut
571 1364 592 1396 κ.
603 1347 654 1400 397
662 1376 679 1383 -
689 1349 748 1400 399.
761 1350 872 1424 propter
883 1345 958 1402 illud
970 1369 1050 1413 μετα
1063 1353 1153 1421 σφῶν,

152 1418 219 1466 aner
237 1432 285 1465 voa
321 1414 374 1468 Sed
395 1415 447 1467 hac
468 1419 602 1481 potestate
622 1413 785 1481 pronominis
803 1413 883 1466 huius
900 1414 1036 1474 offensus
1055 1436 1111 1475 non
1124 1420 1153 1473 si·

153 1481 231 1535 detur
247 1482 370 1549 Apollon.
391 1481 456 1560 lib,
480 1497 561 1601 puum
588 1481 700 1534 eandem
718 1481 828 1535 formam
845 1485 976 1548 posuerit
996 1488 1087 1542 etiam
1103 1488 1152 1543 ‘nil

152 1549 688 1695 tractatulustitillet
701 1549 1116 1690 fastaidedeinl
1142 1628 1152 1679 1

172 1701 293 1740 emonam
310 1687 460 1752 revocavit3
477 1700 511 1739 ne
529 1683 594 1752 qurd
611 1685 698 1738 dicam
728 1691 860 1739 evetnsto
873 1693 993 1743 auctore
1005 1692 1153 1761 argonam

151 1702 268 1822 grphic,
286 1756 329 1808 cui
347 1755 409 1822 σφίν
428 1754 511 1808 ferme
529 1753 614 1805 instar
630 1758 672 1806 est
690 1753 789 1807 Protei.
802 1784 833 1792 -
853 1751 1003 1832 Σφέτερος
1022 1766 1153 1826 por-roes

152 1833 230 1874 curer
246 1823 274 1876 in
292 1824 412 1877 Prooem.
423 1821 499 1892 Ἔργ.
518 1820 641 1888 Hesiod.,
669 1821 741 1888 quod
765 1836 931 1889 prooermum
951 1831 985 1878 ut
1004 1827 1113 1882 incerti
1125 1827 1152 1881 rit

153 1891 276 1958 auctoris,
293 1896 452 1944 vetustatem
471 1897 561 1943 tamen
578 1888 681 1942 redolet
699 1890 805 1943 minime
823 1891 1020 1957 spernendam.
1061 1895 1150 1950 uem

152 1972 211 2010 eam
227 1957 395 2011 insolentiam
416 1974 470 2010 non
488 1958 544 2011 sine
562 1964 626 2010 nota
644 1957 807 2010 demiserunt
824 1963 931 2011 veteres
950 1977 999 2013 ma
1024 1963 1032 1975 “
1080 1965 1099 2032 “,
1123 1963 1150 2017 dc

117 2060 122 2072 .
152 2025 444 2092 sententiadristarcbi‚
453 2026 560 2093 opinor:
573 2032 601 2078 at
610 2025 708 2079 imitati
717 2041 776 2078 eam
785 2031 847 2078 sunt
855 2031 938 2092 poeta
947 1970 1149 2087 mffelrrlcnteb

153 2092 240 2160 XXII,
258 2095 308 2160 67,
329 2093 472 2160 Appollon.
492 2093 539 2157 IV,
560 2096 640 2159 1327,
667 2093 781 2159 Quintus
798 2094 900 2162 Smyrn.
919 2101 949 2146 et
968 2097 1030 2152 alii.
1069 2098 1149 2166 Quid?

170 2161 223 2215 uod
240 2166 321 2228 poeta
338 2161 366 2213 in
378 2162 489 2215 Theocr.
503 2161 586 2228 XXV,
600 2166 656 2216 163.
668 2162 739 2216 idem
751 2177 896 2229 pronomen
908 2163 1007 2229 posuit
1020 2182 1075 2234 pro
1087 2168 1149 2231 ἐμός.

152 2177 229 2295 διιοᾱ
240 2230 390 2297 exemplum
402 2246 482 2297 quum
495 2245 565 2282 nunc
576 2230 683 2282 unicum
695 2230 737 2296 sit,
750 2229 872 2283 certatim
883 2229 910 2282 id
922 2231 1069 2288 mirantur
1077 2234 1150 2302 docti,

153 2299 204 2350 etsi
225 2298 312 2351 minus
334 2297 456 2366 displicet
474 2298 526 2351 illis
544 2297 679 2366 σφέτερος
696 2298 729 2350 de
747 2314 799 2351 uno
818 2298 844 2350 in
862 2301 878 2351 3
895 2313 967 2364 pers.
988 2310 1151 2372 usurpatum

152 2381 194 2432 ap.
212 2365 320 2419 Hesiod.
338 2366 378 2420 Sc.
398 2366 431 2419 H.
450 2370 500 2433 90.‚
525 2365 667 2418 Pindarum
686 2366 805 2433 aliosque
825 2365 906 2434 [apud
924 2367 1026 2434 Polyb.
1048 2373 1150 2439 passim,

152 2440 183 2485 ur
208 2438 230 2500 1,
248 2438 289 2500 so,
307 2438 330 2487 a.
358 2438 382 2500 a,
401 2438 442 2501 49,
461 2438 484 2488 c.
513 2439 537 2501 3,
556 2439 580 2499 o,
601 2439 639 2487 11.
665 2433 810 2501 Thucydid.
837 2439 861 2499 7,
882 2438 898 2512 1·
918 2436 992 2500 (447,
1014 2442 1072 2501 31).
1098 2443 1152 2507 aa

153 2504 221 2568 (449,
239 2504 300 2569 9⁶)l2
319 2509 399 2570 atque
417 2503 470 2554 ista
488 2503 630 2556 insolentia
642 2501 731 2556 forsan
745 2503 782 2554 sic
794 2500 900 2554 defendi
911 2504 1012 2571 possit,
1032 2514 1074 2575 ut,
1093 2522 1152 2576 qno

151 2569 223 2621 niam
245 2571 378 2638 ἡμέτερος
400 2569 433 2622 ab
457 2573 557 2637 optimo
585 2585 690 2637 quoque
713 2570 821 2636 ponitur
843 2584 891 2636 pro
916 2569 991 2637 ἐμός,
1014 2581 1045 2626 et
1064 2589 1152 2629 rursm

152 2637 288 2705 σφέτερος
304 2653 352 2691 seu
369 2638 437 2704 σφός
454 2653 479 2704 p.
497 2640 635 2707 ἡμέτερος,
654 2644 684 2690 ut
703 2639 736 2690 ab
755 2638 860 2704 Orpheo
880 2643 906 2688 et
923 2638 1082 2704 Apollonio
1094 2643 1150 2710 Ru.

152 2704 186 2757 ab
208 2705 259 2758 hac
280 2705 403 2784 analogia
424 2721 581 2773 progressus
604 2706 727 2760 videatur
750 2705 821 2758 illius
838 2705 967 2758 Carminis
995 2718 1101 2765 auctor
1123 2710 1153 2766 ad

152 2788 228 2825 usum
246 2788 330 2840 suum,
348 2789 371 2825 s1
388 2774 465 2827 modo
483 2774 511 2826 id
522 2775 586 2828 iecit
597 2774 744 2840 primus-
753 2773 888 2826 Simillime
900 2774 999 2826 Graeci
1013 2783 1153 2833 torserunt

151 2855 296 2908 pronomen
314 2846 330 2895 3
346 2856 475 2908 personae
494 2843 559 2910 sing.
578 2843 628 2908 ἑός,
647 2848 677 2894 ut
695 2841 721 2893 id
739 2857 848 2908 quoque
866 2842 892 2892 in
912 2857 1009 2896 omnes
1023 2862 1153 2912 personas

152 2908 289 2988 utriusque
307 2910 409 2962 numeri
427 2909 592 2964 adsciverint.
613 2910 711 2990 [Apoll.
731 2909 763 2962 de
782 2925 856 2977 pron.
868 2924 893 2975 p.
907 2910 979 2977 3601.
1002 2912 1048 2967 De
1067 2917 1154 2995 prima

152 2977 294 3112 {turriti
308 2978 1154 3124 irritabitamittit.”allectitiis

152 3129 213 3166 rnen
229 3114 299 3167 hunc
318 3130 423 3181 quoque
441 3131 518 3168 usum
536 3115 563 3167 in
581 3115 726 3168 cultissima
743 3113 867 3167 Oarmma
885 3127 932 3164 sua
949 3119 1154 3173 transtulerunt

153 3181 276 3248 Apellen.
295 3181 345 3235 Rb.
358 3182 404 3249 IV,
425 3187 496 3236 1015.
516 3189 544 3236 et
560 3174 687 3236 Moschus
697 3180 743 3249 IV,
761 3184 802 3236 77.
835 3181 875 3233 De
894 3180 1015 3236 secunda
1034 3201 1156 3252 persona

154 3249 295 3316 singularis
316 3266 387 3304 nunc
409 3267 490 3303 unum
508 3251 659 3318 exemplum
677 3249 790 3316 praebet
806 3249 898 3315 Odyss.
917 3264 942 3300 α.
962 3252 1044 3320 402„
1071 3256 1155 3323 aliud,

154 3333 239 3384 neque
266 3317 294 3371 id
310 3318 388 3385 plane
408 3325 516 3386 certum,
535 3318 643 3373 Hesiod.
654 3317 727 3387 Ἒργ.
746 3323 819 3384 381,
838 3316 885 3394 sed
902 3315 980 3383 plura
999 3319 1156 3379 Batrache

153 3385 319 3452 myomacbia
337 3394 364 3440 et
376 3386 532 3454 posterioris
545 3387 640 3441 aetatis
652 3387 739 3455 Epici.
766 3386 912 3451 Excepisse
925 3389 1020 3440 autem
1032 3391 1156 3446 Aristar·

154 3452 220 3506 chus
237 3453 341 3507 videtur
358 3455 505 3508 anomalam
523 3454 635 3509 formam
653 3456 724 3523 ἑ·ος,
743 3470 822 3523 quam
840 3451 902 3506 olim
918 3451 989 3505 male
1003 3459 1156 3515 confimat

154 3519 216 3572 bam
227 3521 288 3589 [imo
298 3529 370 3576 recte
380 3522 566 3589 comparabam
580 3475 796 3589 Schoilvemle,
810 3524 858 3575 iss
873 3522 889 3587 ἡ
909 3520 989 3588 διπλῆ
1009 3525 1056 3577 ὅτι
1071 3527 1156 3599 Ζηνά

153 3587 231 3646 dores
253 3589 353 3657 γράφει
377 3591 432 3649 ator
453 3591 532 3653 sota,
557 3592 682 3644 τοῦτοδὲ
706 3594 735 3644 ἐν
760 3597 799 3661 τῷ
816 3589 883 3659 περί
897 3606 967 3647 τινος
985 3589 1064 3664 λόγῳ
1083 3599 1156 3652 τίω.
