2482 3960
608 279 787 333 ...20-

198 424 332 496 habente,
352 425 429 483 unde
448 426 583 497 pendeat.
612 423 804 482 Durissimum
823 425 875 496 sit,
901 441 965 483 enm
984 427 1134 487 retrahere
1155 431 1194 489 ad

199 498 406 577 dpsoodpeda„
416 502 461 559 vel
482 517 517 559 ex
536 517 616 573 seqq.
637 496 673 557 αἴ
679 497 716 556 κέ
726 498 794 556 ποθι
807 497 881 566 Ζεὺς
894 496 966 580 δῴη,
985 509 1116 577 spectato
1131 508 1193 567 solo

198 592 293 649 sensu,
314 577 431 648 aliquod
450 578 569 636 verbum
588 577 698 650 primae
718 593 860 649 personae
881 580 1050 651 exprimere.
1081 582 1192 642 Harum

197 654 448 726 grammat-icarum
467 671 603 714 venerum
623 653 754 725 exempla
767 653 862 711 adhuc
875 671 983 726 quaero
997 657 1074 728 apud
1087 656 1193 718 Home-

188 747 259 788 rum
279 736 397 803 praeter
417 748 460 804 ea,
481 747 555 803 quae
574 731 639 804 ipsa
658 735 793 802 suspecta
812 736 892 801 sunt3
911 737 945 788 ut
964 731 1067 805 Odyss.
1088 731 1113 792 δ.
1127 742 1191 809 263,

195 807 245 866 ubi
258 809 368 879 aliquot
381 809 511 867 oedipum
525 808 661 880 optimam
674 807 846 879 scripturam
860 806 1085 896 νοσφισσαμένην
1104 812 1191 870 etiam

196 899 231 942 ex
250 883 396 943 veteribus
408 885 493 944 affert
504 884 685 955 Eustathius‚
704 887 853 955 mutatam,
873 900 983 956 opinor,
1004 885 1041 944 ab
1054 886 1098 958 iis,
1120 904 1191 959 quos

155 976 181 1016 σε
194 962 331 1020 cumulati
349 962 438 1020 iidem
452 978 535 1020 casus
549 961 655 1019 diversi
669 961 782 1032 generis
796 959 983 1032 offenderent,
1004 967 1141 1033 tanquam
1154 965 1187 1023 Il.

189 1056 222 1114 χ.
245 1046 309 1098 109.
347 1038 403 1097 Vix
430 1041 505 1098 enim
529 1043 658 1097 veterum
683 1037 786 1108 aliquis
806 1037 952 1107 vulgatam
972 1038 1084 1110 vulgari
1103 1042 1189 1101 modo

192 1114 324 1188 accipere
343 1116 447 1188 potuit.
472 1113 506 1172 K.
528 1115 573 1173 st.
593 1115 696 1185 legunt
714 1113 799 1184 vulgo
820 1111 915 1170 κείνου
934 1110 989 1191 γάρ
1012 1132 1045 1170 κε
1061 1113 1187 1191 μάλιστα

191 1188 339 1260 πυθοίατο,
358 1192 388 1248 in
409 1183 474 1262 qno‘
484 1187 630 1248 πυθέσθαι
648 1193 753 1261 putant
772 1204 836 1247 esse
856 1192 967 1246 obedire.
999 1191 1081 1262 Quod
1101 1209 1188 1264 quum

190 1282 227 1324 ne
248 1266 456 1340 Glossographi
475 1267 591 1339 quidem
611 1266 692 1325 nobis
706 1264 871 1336 obtrudant,
892 1283 948 1325 uno
962 1273 1041 1325 certe
1056 1272 1187 1343 exemplo

189 1343 368 1416 probandum
383 1350 454 1403 erat.
475 1343 655 1414 Eustathius‚
676 1341 744 1414 quid
758 1343 787 1398 in
800 1341 881 1399 libris
893 1344 952 1400 suis
965 1344 1079 1416 legerit,
1100 1362 1186 1417 quae

187 1423 299 1477 rentem
317 1419 473 1479 mostratur
491 1420 614 1478 molesto
632 1420 681 1478 illo
695 1415 743 1474 acl
763 1413 839 1496 ἑξῆς.
864 1417 1028 1492 Enimvero,
1048 1421 1073 1479 si
1092 1422 1133 1480 ita
1146 1424 1188 1482 le·

189 1497 288 1569 egisset,
302 1504 362 1555 tam
375 1497 534 1555 inauditam
547 1493 784 1568 significationem
793 1512 850 1554 non
863 1497 1030 1570 emissurus,
1052 1505 1102 1557 aut
1115 1501 1184 1559 alibi

187 1573 226 1630 ad
246 1589 310 1631 eam
334 1574 481 1632 rediturus
515 1571 633 1644 luisset3
662 1573 693 1630 id
713 1572 790 1644 quod
808 1574 887 1631 nullo
907 1572 978 1632 facit
996 1575 1068 1633 loco.
1107 1577 1182 1636 Nam

187 1649 243 1707 etsi
267 1667 295 1722 p.
319 1657 401 1710 1013.
427 1651 446 1707 l.
468 1657 513 1709 55.
539 1648 577 1707 ad
597 1668 623 1705 o.
644 1656 700 1707 224
719 1645 865 1706 πυθέσθαι
884 1666 948 1707 eum
968 1651 1094 1722 genitivo
1115 1670 1181 1712 con-

186 1730 325 1783 structum
344 1728 387 1785 ita
406 1730 497 1798 notat,
517 1731 552 1782 ut
571 1730 601 1783 et
620 1725 690 1782 alibi
710 1723 747 1781 de
768 1741 802 1782 eo
816 1741 924 1796 genere
936 1727 1079 1785 monuisse
1094 1730 1181 1800 signi·

184 1799 260 1873 ficet,
286 1802 316 1859 id
336 1818 393 1860 non
411 1803 538 1874 pertinet
559 1801 597 1859 ad
617 1802 674 1860 vim
694 1802 838 1869 obediendi,
865 1798 916 1858 sed
936 1806 1109 1872 coqueremus·
1127 1822 1181 1863 seu

185 1880 324 1950 anabadi,
350 1878 386 1936 de
405 1893 463 1948 qua
487 1894 557 1936 sane
584 1877 697 1935 dixerat
716 1894 744 1948 p.
766 1882 831 1934 655.
851 1877 870 1933 l.
891 1882 937 1935 42.
977 1877 1070 1950 Igitur
1091 1881 1178 1940 ctiam

183 1952 355 2013 Eustathius
385 1954 571 2014 correctionis
601 1958 718 2013 nostrae
747 1953 911 2012 auctoribus
942 1953 1092 2014 addendus
1123 1967 1176 2017 est.

184 2029 296 2090 Clarius
316 2032 394 2091 idem
413 2030 561 2090 confirmat
579 2036 707 2089 nostram
726 2029 878 2088 lectionem
900 2028 994 2102 l.11.,
1015 2031 1065 2089 ubi
1076 2034 1106 2090 in
1119 2037 1179 2092 vul-

183 2112 252 2179 gata
271 2109 390 2168 verbum
410 2101 487 2167 ἁΰειν
513 2123 577 2167 cum
601 2106 699 2167 dativo
718 2107 900 2180 iungebatur.
925 2106 960 2165 Id
979 2108 1009 2164 in
1029 2109 1178 2184 similibus,

182 2187 326 2260 γεγωνεῖν,
345 2183 514 2255 κέκλεσθαι,
534 2180 660 2242 κελεύειν
680 2184 803 2256 solitum,
824 2199 861 2241 an
881 2184 910 2240 in
930 2184 979 2242 illo
993 2200 1106 2255 quoque
1119 2189 1177 2244 nsi-

180 2265 273 2319 tatum
293 2263 339 2333 sit,
359 2263 545 2321 vehementer
565 2260 679 2332 dubito;
699 2261 825 2319 Homero
845 2266 941 2318 autem
962 2261 1098 2318 usitatum
1119 2279 1175 2322 non

181 2351 245 2394 esse
265 2338 357 2396 video.
377 2339 480 2410 Neque
498 2339 554 2396 hac
573 2354 631 2395 una
649 2334 802 2395 insolentie
821 2334 954 2394 laborare
974 2352 1096 2409 versum,
1122 2355 1173 2396 nu-

178 2413 266 2471 meris
287 2419 421 2472 assuetae
441 2429 527 2473 aures
547 2414 659 2472 docent.
699 2412 745 2470 Ex
765 2412 821 2471 alio
841 2427 948 2484 genere
967 2410 1058 2470 falsae
1078 2416 1175 2474 analo

179 2489 245 2561 giae
264 2487 357 2550 forma
377 2496 440 2549 erat
461 2509 484 2548 ν.
505 2496 580 2561 485„
599 2490 666 2547 hinc
687 2490 716 2546 in
734 2488 844 2546 indices
864 2487 1051 2547 dialectorum
1071 2492 1173 2564 relata,

178 2564 374 2643 γεγενοᾴνεθα.
405 2569 474 2639 Nos
496 2571 526 2624 et
545 2583 599 2624 usu
620 2570 650 2623 et
669 2565 813 2624 sententia
826 2565 973 2639 poscente
994 2568 1172 2639 expluribus

177 2641 260 2700 codd.
282 2643 412 2702 dedimus
433 2662 467 2720 γε
486 2639 647 2719 χενσᾲνεθα.
680 2641 798 2701 Scilicet
818 2642 932 2701 codices
951 2642 1033 2701 nobis
1055 2659 1171 2716 exspec-

175 2718 257 2777 tandi
281 2725 363 2778 erant
388 2721 497 2780 maiore
521 2735 653 2791 numero,
678 2725 712 2776 ut
734 2718 928 2792 ineptissimas
954 2720 1112 2791 scripturas
1140 2729 1169 2778 et

174 2796 297 2854 maxime
316 2797 458 2869 proclives
477 2797 577 2869 lapsus
597 2797 795 2854 nonnullorum
814 2795 997 2854 librariorum
1010 2797 1169 2867 corrigere-

137 2895 162 2934 ss
174 2885 246 2944 mus,
265 2878 298 2931 ut
309 2892 337 2928 π.
352 2879 417 2932 380.
431 2870 486 2930 ἀνά
498 2874 528 2930 in
542 2867 610 2949 ἄρα,
629 2890 654 2932 σ.
670 2879 734 2931 405.
749 2865 829 2941 ἔσαν,
847 2873 876 2929 in
891 2867 962 2943 ἴσαν,
981 2891 1005 2927 υ.
1020 2878 1084 2930 409.
1099 2876 1168 2930 πᾶσι

173 2946 305 3014 inemec!
318 2954 503 3007 mutaremus.
542 2947 627 3007 Adde
646 2949 690 3007 his
711 2946 874 3007 facillimam
894 2954 925 3005 et
942 2948 1002 3005 late
1021 2954 1169 3019 patentem

173 3021 367 3083 confusionem
386 3026 544 3097 modorum,
564 3026 594 3083 iu
607 3025 706 3098 primis
720 3024 892 3083 subiunctivi
906 3029 937 3082 et
949 3026 1079 3098 optativi,
1100 3043 1168 3098 quo-

171 3114 236 3156 rum
255 3100 413 3172 legitimum
427 3100 581 3161 discrimen
594 3103 651 3175 ipsi
665 3101 800 3161 Graeculi
813 3108 1024 3176 postremorum
1037 3104 1165 3162 saeculo-

170 3190 235 3232 rum
254 3192 356 3250 parum
375 3184 456 3237 recte
475 3183 637 3237 tenuenmt.
677 3179 783 3238 Notavi
803 3179 918 3250 quidem
938 3181 1008 3239 mihi
1028 3181 1066 3238 ad
1086 3181 1166 3250 quin-

171 3250 265 3310 decim
285 3255 416 3328 exempla
434 3255 517 3313 huius
538 3252 721 3327 confusionis,
747 3254 849 3326 quibus
870 3256 908 3316 ad
927 3258 1058 3331 regulam
1078 3257 1165 3314 corri-

170 3328 271 3400 gendis
293 3336 322 3389 et
341 3336 464 3390 metrum
485 3337 514 3390 et
533 3331 601 3388 libri
621 3346 720 3390 omnes
733 3331 861 3391 obstent:
883 3339 914 3392 at
932 3335 962 3392 in
975 3335 1060 3407 longe
1074 3333 1162 3407 pluri-

168 3405 222 3463 mis
242 3420 299 3463 non
319 3412 364 3466 est
384 3405 510 3479 dubium,
531 3408 600 3479 quin
620 3408 796 3480 antiquiores
810 3408 877 3468 libri
890 3427 954 3469 cum
968 3410 1161 3485 grammaticis

170 3487 199 3540 et
224 3482 351 3541 metricis
375 3483 484 3556 regulis
510 3489 701 3556 congruentes
728 3486 867 3557 sequendi
887 3488 951 3546 sint.
993 3487 1101 3547 Saltem
1122 3485 1161 3557 id
