2482 3960
591 290 706 354 Ι--1112
736 326 769 336 -

180 466 243 508 rum
262 449 415 508 lectionem
440 448 496 506 sibi
513 447 716 520 negligendam
735 451 919 520 putaverunt.
958 449 1006 508 Ita
1025 448 1185 508 Prodicum

180 527 302 598 legimus
323 525 359 583 de
379 525 455 582 veris
476 523 670 597 potestatibus
690 523 894 584 vocabulorum
914 531 944 584 et
963 526 1064 584 causis
1086 542 1184 584 eamn

129 616 167 655 16³
181 601 327 661 subtiliter
346 601 510 674 disputasse
517 600 564 673 ³⁰),
584 601 711 672 itemque
730 599 921 673 Protagoram
941 607 971 660 et
990 602 1101 661 Eleum
1113 603 1185 675 Hip-

180 679 258 752 piam
279 695 314 737 ea
332 678 418 752 plane
437 678 598 736 instituisse
617 682 759 749 tractare,
787 692 861 748 quaa
891 678 1010 752 propria
1029 684 1102 738 sunt
1120 678 1184 737 doe·

180 763 230 814 tae
256 752 554 827 interpretationisffl).
595 754 687 824 Quam
712 751 837 811 feliciter
862 754 919 826 illi,
946 770 1095 826 quaerero
1114 755 1183 813 nihil

181 832 294 891 attinet.
338 831 414 889 Nam
442 830 528 903 primi
560 835 679 890 conatus
708 831 783 888 tales
808 845 856 889 res
883 831 921 890 ad
945 832 1184 905 praeceptionem

182 909 254 967 artis
277 906 433 967 revocandi
458 906 531 966 adeo
557 911 624 965 sunt
643 903 790 978 difficiles,
816 912 851 964 ut
864 907 986 965 summis
1007 907 1136 981 ingeniis
1156 908 1183 965 in

181 985 217 1043 iis
241 983 301 1043 labi
330 985 418 1042 liceat
441 982 575 1055 honeste,
604 998 678 1054 quaa
703 999 760 1041 uno
780 985 896 1043 saeculo
915 988 984 1058 post
1003 985 1054 1043 vix
1074 985 1183 1043 tirones

181 1063 299 1135 impunc
323 1062 461 1120 nesciant.
508 1061 570 1132 Quo
597 1075 633 1119 ex
657 1075 763 1132 genere
788 1059 860 1117 illud
885 1066 945 1132 est,
972 1059 1052 1132 quod
1074 1060 1112 1118 dc
1132 1076 1183 1118 usn

181 1137 346 1212 imperativi
364 1137 443 1197 modi
462 1136 614 1195 verborum
632 1136 783 1208 praecepit
801 1136 995 1209 Protagoras,
1027 1137 1184 1210 repreben-

183 1215 254 1274 dens
274 1219 398 1287 poetam,
419 1213 496 1285 quod
508 1213 624 1270 Musam
642 1210 840 1271 immodestius
859 1213 1009 1273 invocarit.
1044 1213 1183 1287 Hippiam

183 1307 252 1350 vero
273 1291 361 1348 etiam
379 1289 409 1346 in
428 1289 487 1346 suis
508 1284 673 1356 ἐπιδείξεσιν
694 1287 771 1361 apud
791 1288 944 1349 Platonem
962 1290 993 1346 in
1013 1290 1184 1363 cognomina

184 1367 300 1437 dialogo
319 1367 362 1424 ita
381 1365 576 1438 disputantem
595 1364 724 1423 videmus
745 1364 782 1424 de
803 1364 930 1425 Homero
944 1366 1068 1438 aliisque
1082 1367 1186 1441 poetis,

184 1449 217 1502 ut
237 1443 275 1501 ad
295 1442 490 1502 dubitationes
511 1447 541 1500 et
561 1443 743 1514 quaestiones
764 1440 801 1499 de
820 1443 934 1501 illorum
944 1444 1111 1516 sententiis,
1131 1444 1185 1501 rir-

184 1520 294 1579 tntibus
315 1525 345 1578 et
364 1520 441 1578 vitiis
461 1518 658 1592 responderet.
691 1519 775 1578 Unde
795 1520 979 1592 perspicuum
998 1524 1046 1578 est
1065 1515 1186 1597 προβλί)

182 1615 262 1673 ματα
282 1612 334 1655 sen
353 1593 474 1673 ἀπορίας
493 1601 523 1654 et
544 1589 639 1660 λύσεις
657 1596 735 1666 illas,
765 1596 795 1652 in
820 1595 923 1666 quibus
951 1600 1059 1668 postea
1080 1595 1186 1654 eruditi

186 1673 293 1730 alumni
311 1671 506 1730 Alexandriae
526 1676 679 1744 tantopere
699 1669 928 1744 laborabantil),
954 1673 1012 1731 iam
1042 1673 1075 1730 in
1093 1672 1186 1745 philo

186 1749 340 1821 sophorum
365 1753 395 1806 et
414 1747 613 1820 sophistarum
638 1747 742 1806 sobolis
768 1747 910 1806 celebrari
939 1749 1083 1821 coepisse.
1125 1748 1185 1807 Nee

186 1825 302 1883 aliunde
321 1822 454 1882 ducenda
473 1828 540 1882 snnt
558 1823 642 1881 initia
661 1823 754 1882 critici
774 1823 877 1897 studii,
905 1824 982 1896 quod
1007 1825 1091 1898 ipsae
1119 1824 1185 1883 illae

186 1899 300 1978 ἀπορίαι
318 1901 416 1958 multis
436 1901 466 1956 in
485 1900 556 1958 locis
576 1915 755 1959 commovere
774 1906 940 1974 potuerunt.

262 1976 346 2035 Duae
364 1974 528 2034 huiusmodi
548 1975 763 2035 emendationes
784 1982 940 2050 supersunt
959 1977 1088 2050 Hippiae
1110 1977 1186 2036 Tha

135 2076 173 2116 nas
186 2055 235 2126 sii,
261 2069 382 2125 quarum
407 2054 526 2111 alterius
553 2068 589 2110 ne
615 2052 709 2112 locum
729 2053 845 2125 quidem
864 2055 1073 2126 inveniremus,
1099 2053 1188 2124 (adeo

185 2135 312 2189 mutatus
340 2135 386 2188 est
410 2135 505 2188 textus
530 2133 652 2200 nostem)
681 2130 737 2187 nisi
762 2146 826 2188 eum
845 2129 1020 2190 Aristoteles
1041 2131 1073 2187 in
1092 2135 1189 2189 trans·

186 2224 272 2266 cursu
291 2205 499 2278 iudinassau).
539 2205 594 2264 Est
613 2206 663 2263 ille
682 2205 715 2263 ΙΙ.
734 2203 764 2271 β.
781 2213 835 2278 15.,
856 2206 906 2264 ubi
925 2211 986 2264 tum
1005 2222 1060 2278 pro
1079 2207 1188 2280 verbis,

190 2280 318 2359 Τρώεσσι
338 2280 372 2339 δὲ
392 2279 473 2359 κήδε’
495 2277 628 2374 ἐφῆπται,
656 2281 809 2354 legebatur
827 2281 889 2341 fere
909 2287 942 2340 ut
986 2325 992 2338 .
1014 2283 1091 2356 297,
1113 2281 1190 2340 δίδο-

185 2377 239 2493 {aaa
259 2357 294 2414 δέ
311 2356 339 2413 οἱ
357 2353 446 2436 εὖχος
466 2357 598 2434 donadac.
631 2359 753 2432 Impium
765 2358 932 2431 putabatur,
968 2373 1051 2418 ovem
1065 2359 1112 2418 his
1127 2376 1192 2418 ver·

206 2435 233 2492 is
252 2433 282 2492 id
301 2434 388 2506 plane
407 2435 585 2507 promittere,
606 2434 682 2507 quod
711 2441 878 2493 eventurum
903 2452 960 2495 non
985 2440 1078 2507 esset3
1107 2436 1193 2508 qnasi

188 2511 218 2568 in
248 2509 352 2568 ceteris
377 2511 488 2583 iupiter
519 2527 601 2569 secus
627 2517 730 2584 ageret
761 2528 825 2570 cnm
854 2511 1072 2584 Agamemnone
1100 2528 1190 2584 quam

193 2756 209 2785 ‘
258 2773 293 2840 30)
310 2773 388 2827 Plato
407 2771 512 2827 Gharm.
530 2789 557 2841 p.
577 2776 632 2828 163.
650 2773 683 2827 Ι).
701 2773 773 2827 Men.
785 2788 812 2841 p.
825 2776 866 2828 75.
875 2771 908 2825 Ε.
928 2771 1027 2839 cratyl.
1045 2787 1074 2840 p.
1085 2775 1149 2828 384.
1161 2773 1193 2828 B.

257 2858 351 2925 ³1)De
374 2858 523 2926 Protagora
546 2874 571 2910 v.
589 2857 700 2912 Aristot.
729 2857 804 2912 Post.
824 2862 863 2912 19.
899 2857 1000 2911 Contra
1025 2856 1099 2924 quod
1130 2859 1195 2914 scri·

190 2925 275 2993 psisse
293 2925 390 2979 deinde
408 2925 610 2994 Grammaticos
628 2931 744 2994 arguunt
762 2925 858 2980 Scholl.
877 2931 905 2978 et
922 2925 999 2978 Euat.
1023 2941 1050 2992 p.
1072 2930 1114 2980 10.
1152 2927 1193 2981 De

189 2994 291 3062 Hippia
308 2993 376 3047 Plat.
394 2993 476 3061 Hipp.
495 2993 531 3046 ΙΙ.
549 3009 590 3072 pr.
608 2992 661 3047 Gic.
680 2994 713 3047 de
731 2994 774 3047 Or.
793 2993 843 3058 III,
861 2997 913 3060 32,
938 2992 985 3047 ubi
1002 2991 1041 3046 illi
1059 2993 1194 3048 tribuitur

191 3061 307 3128 cognitio
326 3067 484 3129 peltarum,
510 3076 687 3130 umrerseque
705 3062 739 3116 de
758 3061 890 3129 Sophistis
908 3061 1019 3116 Isocrat
1037 3061 1193 3117 Panathen.

190 3145 216 3198 p.
234 3132 294 3184 436.
311 3132 370 3183 446.
388 3129 419 3181 Τ.
438 3129 473 3181 Π.
491 3130 592 3197 Anger.

259 3215 295 3284 33)
313 3213 457 3282 Porphyrii
476 3214 562 3274 Schol.
582 3214 617 3268 ad
636 3214 667 3266 il.
687 3232 702 3267 ι.
720 3217 779 3269 684.

258 3299 293 3367 33)
313 3297 380 3353 Ibid.
397 3302 439 3353 25,
464 3304 492 3352 et
518 3314 606 3366 praec.
629 3299 740 3352 Elench.
765 3298 877 3366 sophist.
905 3315 931 3366 p.
956 3302 1015 3353 284.
1034 3298 1079 3367 C.,
1102 3299 1153 3354 ubi
1171 3317 1194 3356 r.

190 3365 265 3420 Pacii
283 3366 428 3422 comment.
447 3368 545 3436 analyt.
569 3367 604 3421 ad
621 3367 747 3434 Organon
765 3383 792 3435 p.
810 3371 870 3422 485.
909 3367 941 3420 In
958 3367 1004 3421 illo
1023 3381 1084 3434 cap.
1104 3367 1196 3424 Pocu-

191 3447 236 3487 aas
253 3433 332 3501 plura
349 3440 412 3489 sunt
428 3433 573 3489 firmandae
591 3440 699 3488 nostrae
716 3434 837 3502 opinioni
848 3434 882 3490 de
895 3434 1057 3504 antiquitate
1069 3434 1198 3491 Homeri·

192 3515 283 3555 corum
300 3502 501 3572 προβλημάτων
521 3509 548 3557 et
564 3501 681 3557 λύσεων.
724 3552 735 3570 ,
