2482 3960
558 273 737 332 ..72-

149 392 257 500 nosque
276 427 448 501 rhapsodias
461 426 511 484 uni
520 424 672 498 proposito
688 425 835 496 subiicias,
855 423 894 482 ad
905 426 1027 496 glomum
1040 425 1162 498 quidem

149 505 269 564 Achillis
289 505 382 577 magis
403 519 489 575 quam
509 503 584 562 alius
604 503 774 574 cmusquam
789 501 894 560 Graeci
907 505 959 560 aut
971 499 1100 561 Troiani
1111 498 1161 562 he·

149 582 207 641 reis
237 585 300 641 tota
318 581 405 648 Ilias,
430 579 468 637 ad
494 597 635 634 memorem
658 581 731 634 iram
758 579 820 637 eius
839 577 932 636 maior
950 582 1070 637 tantum
1090 595 1159 652 pars

149 662 275 730 spectat3
300 663 332 715 ut
359 655 512 715 admodum
537 655 659 727 mireris,
690 654 768 726 quod
787 655 817 711 in
836 653 915 713 nullo
936 653 1040 714 codice
1062 655 1159 714 adhue

146 751 199 807 pro
219 734 276 792 isto
297 733 414 792 exordio
433 733 488 792 hoc
507 732 553 789 161
573 731 652 790 aliud
670 733 774 790 melius
795 731 941 788 inventum
961 729 1014 789 sit:

248 823 307 883 ΚΥ
303 824 381 882 loa
397 823 487 894 ἄειδε,
508 822 578 893 eae,
600 822 769 901 Πηληϊάδεω
789 821 921 956 Ἀηιλῆος,
945 864 946 867 ¹

249 900 311 967 aab*
332 900 401 966 εἵως
419 899 539 978 βασιλῆϊ
558 899 773 978 κοτεσσάμενος
791 895 823 957 ἐν
853 897 931 976 νηνσλ

248 980 338 1047 κεῖτο,
357 973 380 1035 Ἀ
401 977 501 1034 αιοῖσίν
521 975 625 1038 rema?
645 973 727 1055 αὐτῷ
742 973 779 1033 ἄλ
814 979 820 1000 ’
841 969 962 1045 ἔδωκεν,

248 1052 340 1131 αὐτὰρ
382 1051 547 1130 νιστάμενος
573 1051 681 1129 Τρωσὶν
701 1054 749 1110 κοιλ
763 1045 780 1072 ⁰
795 1071 877 1127 κτορι
896 1050 957 1129 δίῳ.

96 1161 134 1203 119
149 1147 197 1220 [of.
218 1146 317 1206 Briefe
342 1164 379 1205 an
403 1147 505 1219 Heyne
529 1164 557 1219 p.
583 1145 660 1220 121]
706 1144 923 1206 Subabsurdnm
947 1142 1038 1216 foret,
1064 1145 1154 1205 talem

148 1225 327 1296 diligentiam
348 1223 527 1281 subtiliorem
549 1238 613 1281 esse
633 1222 731 1281 dicere
753 1238 838 1294 quam
852 1238 906 1294 pro
919 1221 1077 1281 Homerico
1091 1238 1154 1281 sae·

68 1368 73 1375 ¹
148 1302 224 1359 culo:
250 1315 304 1356 nec
329 1298 359 1355 id
386 1298 483 1357 dicere
504 1299 602 1357 ausint
621 1299 656 1371 ii,
682 1298 785 1371 quibus
804 1317 825 1354 π
843 1294 980 1362 οέκδεσις
1001 1297 1154 1370 Odysseae

147 1377 184 1435 ab
210 1377 274 1449 ipso
294 1375 421 1435 Homero
445 1375 615 1447 praeposita
640 1375 787 1433 videatur:
814 1317 946 1433 sscerent
973 1374 1051 1432 enim
1072 1375 1153 1433 illum

146 1452 220 1511 adeo
239 1450 386 1524 infantem,
412 1456 550 1522 utquam
570 1456 662 1509 amem
681 1453 790 1525 primus
811 1450 1041 1524 ingeniosissime
1061 1467 1153 1523 qnae·

147 1530 275 1600 sivisset,
301 1528 347 1585 vel
366 1527 493 1600 prudens
513 1533 593 1586 certe
615 1544 652 1586 ex
670 1533 775 1586 natura
795 1533 825 1585 61
844 1527 946 1586 ordine
965 1525 1085 1585 fabulae
1106 1543 1152 1586 ce·

145 1603 294 1678 61666186),
327 1621 391 1662 eam
419 1620 456 1661 ne
483 1620 643 1676 agnoscere
670 1604 785 1676 quidem
811 1610 842 1663 et
866 1602 961 1661 verbis
983 1603 1152 1675 exprimere

146 1682 283 1756 potuerit.

221 1759 311 1816 Immo
330 1773 399 1815 vero
418 1756 491 1814 illud
511 1772 623 1828 quoque
639 1756 756 1814 dubium
770 1762 823 1828 est,
845 1755 1035 1814 anHomerus
1049 1753 1150 1814 Achil·

144 1836 180 1892 lis
201 1835 246 1891 sui
265 1849 419 1906 personam
441 1832 543 1891 eodem
562 1833 626 1893 loco
647 1832 790 1906 habuerit,
811 1849 867 1904 quo
890 1847 953 1890 eam
973 1847 1073 1890 omnes
1087 1829 1150 1891 fere

145 1911 217 1969 artis
237 1909 369 1981 magistri
388 1908 504 1966 habent.
537 1909 612 1967 Nam
632 1924 719 1980 quum
733 1909 782 1966 1116
795 1909 899 1967 seriem
913 1907 1150 1980 gravissimarum

145 2003 242 2045 rerum
269 2002 326 2044 non
352 1983 482 2055 finxerit,
509 1985 561 2043 sed
586 1983 663 2044 fama
689 1984 895 2058 acceperitffl),
919 2000 988 2042 num
1016 1984 1068 2041 illa
1088 1984 1151 2043 veri

146 2080 248 2137 parum
268 2063 375 2120 similia
394 2062 537 2134 videntur,
556 2062 673 2120 heroem
693 2060 880 2121 fortissimum
899 2077 964 2118 cum
983 2060 1075 2132 copiis
1089 2061 1151 2119 suis

147 2141 183 2198 ab
210 2140 338 2198 exercitu
362 2139 547 2197 secedentem
573 2138 749 2196 desiderium
776 2138 821 2196 sui
840 2152 969 2209 movere,
996 2136 1150 2209 ipsumque

146 2218 285 2276 otiantem
304 2216 513 2287 Agamemnoni
534 2220 564 2273 61
585 2215 705 2274 Graecis
725 2215 879 2287 plurimum
898 2213 1007 2285 negotii
1022 2219 1053 2271 61
1066 2228 1150 2272 cura·

145 2310 209 2351 rum
230 2292 384 2363 exhibere,
411 2309 477 2350 mox
503 2291 640 2349 audacius
661 2290 836 2348 irruentibus
856 2290 988 2374 Troianis
1007 2290 1151 2362 revocari,

147 2374 178 2426 at
197 2384 332 2440 asperum
353 2373 382 2425 et
402 2367 609 2425 inexorabilem
629 2368 721 2425 virum
741 2382 851 2439 negare
871 2366 995 2439 primum
1016 2370 1046 2423 61
1059 2366 1150 2439 tergi·

146 2445 271 2515 versari,
298 2442 402 2500 deinde
423 2444 565 2501 communi
591 2444 722 2515 periculo
742 2441 903 2502 concedere
923 2442 1060 2512 amicum,
1087 2447 1150 2501 tan·

96 2544 134 2583 mo
148 2521 227 2592 dem,
253 2520 302 2578 illo
323 2519 458 2576 Hectoris
483 2518 615 2576 manibus
642 2535 740 2591 caeso,
766 2521 864 2593 ipsum
883 2517 1041 2576 ulciscendi
1060 2533 1151 2577 causa

146 2597 243 2655 redire
264 2595 301 2653 ad
314 2611 449 2669 pugnam,
470 2596 586 2666 votique
606 2601 768 2668 compotem
787 2596 849 2654 iure
869 2594 978 2654 belliin
991 2593 1150 2654 Hectorem

148 2669 279 2731 saevire?
298 2672 383 2741 Num,
404 2672 429 2728 si
449 2671 633 2743 Thucydides
653 2673 699 2730 161
712 2672 879 2744 Xenophon
898 2672 974 2729 hunc
994 2686 1102 2729 annum
1121 2672 1153 2728 in

148 2748 265 2807 annales
286 2747 443 2819 retulisset,
464 2747 617 2814 Achillem,
639 2765 726 2820 quum
745 2748 940 2807 secessionem
959 2745 1087 2819 fecisset,
1101 2747 1151 2806 de-

147 2825 274 2884 scribere
294 2830 411 2898 peterat
430 2825 523 2884 minus
545 2824 751 2898 desideratum,
773 2830 834 2898 ant,
855 2840 941 2896 quum
953 2829 1150 2896 revocaretur,

216 3036 251 3100 ⁸⁶)
266 3031 298 3087 ’H
313 3034 356 3086 διὰ
374 3036 471 3106 τέχνην
490 3037 507 3104 ἢ
525 3034 570 3086 διὰ
588 3035 677 3102 φύσιν.
703 3034 815 3088 Aristet.
834 3033 951 3088 Poeta.
969 3036 993 3086 8.

214 3120 249 3188 87)
268 3118 337 3172 Nam
361 3134 411 3172 nec
436 3119 526 3173 omnia
551 3119 585 3172 ad
610 3119 755 3173 veritatem
777 3119 820 3172 161
839 3132 874 3171 ex
891 3122 1018 3185 corrupta
1035 3116 1150 3172 veritate

147 3193 239 3242 narrat
256 3187 363 3240 illorum
382 3192 534 3254 temporum
553 3187 653 3254 poesis,
674 3202 761 3254 neque
780 3186 869 3240 omnia
886 3185 971 3254 fingit,
988 3191 1019 3238 ut
1030 3184 1152 3253 olimpu-

148 3256 243 3309 tabant
260 3255 311 3308 viri
330 3254 408 3309 docti.
445 3255 498 3309 Sed
515 3255 616 3307 frustra
634 3254 794 3322 plerumque
812 3254 948 3322 laborant,
972 3252 1018 3322 qui
1035 3259 1150 3322 utraque

149 3323 299 3378 discernere
318 3323 419 3376 volunt.
456 3321 653 3376 Praedixsrunt
672 3321 780 3375 Musae:

294 3407 383 3473 Ἴδμεν
403 3407 509 3473 ψεύδεα
526 3405 611 3458 πολλὰ
623 3406 710 3474 λέγειν
730 3408 866 3472 ἐτύμοισιν
885 3409 971 3471 ὁμοῖα,

302 3474 377 3539 ἴδμεν
398 3477 431 3538 δ’,
451 3473 508 3527 εὖτ’
527 3474 675 3540 ἐθέλωμεν,
695 3473 800 3546 ὰληδέα
816 3476 1003 3546 μοδὴσασδαι.
