2482 3960
460 280 464 286 ⁹
558 312 732 368 -1se—

149 459 227 534 qnod
246 460 387 519 Homerus
408 460 603 531 gravissimam
629 460 707 519 illam
730 475 847 518 cansam
872 458 947 518 belli
967 475 1034 519 non
1055 457 1159 521 tussa

149 553 206 596 nno
225 536 289 595 loeo
309 537 458 605 allaturus,
478 536 611 607 qnoniam
631 537 693 595 eins
712 535 900 607 attingendae
922 551 1023 610 saepe
1044 537 1157 597 occasio

149 611 260 685 fnisset,
279 612 304 670 si
323 611 422 672 febula
442 618 519 671 esset
538 613 650 672 omnino
670 613 774 672 aetatis
787 613 977 672 Homericae.
1003 612 1157 682 [obverte

148 689 220 748 bant
238 688 354 760 quidem
380 689 507 748 nonnulli
531 689 616 761 plura
634 689 712 762 apud
730 693 845 762 poetam
864 689 959 747 semel
972 695 1156 765 ,memorem

148 780 223 839 guae
242 771 339 824 tamen
352 764 450 825 (tritici
469 765 578 823 intacte
597 766 788 837 reliquissent
822 764 957 824 Frustra.
996 766 1070 826 Non
1083 767 1157 826 enim

147 842 197 900 ille
207 859 232 899 ε.
242 848 288 901 63.
302 842 369 900 silet
379 842 448 920 νῆας
461 838 645 920 ἀρχεκάκους
659 842 678 898 i.
693 858 719 900 e.
733 838 944 916 profectionem
959 838 1088 902 Paridis
1101 843 1158 902 La·

148 917 358 991 eedaemonem,
377 919 407 976 in
426 934 489 990 qne·
503 933 539 976 er
555 934 633 977 more
653 919 761 977 saeculi
780 918 824 975 sui
842 917 922 975 haud
947 917 1047 977 dubie
1061 919 1103 978 ad
1114 918 1157 978 fe·

148 994 236 1053 talem
255 1010 371 1054 cansam
389 1011 573 1067 regressurus
594 1000 666 1067 erat,
693 1011 766 1066 quse
786 993 898 1066 culpam
919 993 1110 1054 transferret
1128 996 1154 1053 ir

151 1070 229 1130 deos.
264 1071 454 1143 Quamobrem
467 1077 498 1129 et
510 1070 676 1142 veteres⁵⁸),
691 1077 721 1129 et
732 1071 907 1129 recentiores
925 1071 1036 1143 aliqui,
1050 1072 1085 1130 in
1099 1073 1156 1144 qni

149 1146 203 1206 bns
215 1148 307 1206 instar
317 1148 441 1207 omnium
450 1148 684 1206 Hemstcrhusius
694 1153 747 1219 est,
766 1147 850 1219 plane
863 1147 1077 1219 probaverunt
1085 1150 1157 1207 indi-

150 1224 224 1282 cium
244 1224 329 1296 illud,
359 1240 415 1295 qno
434 1223 571 1281 iudicium
589 1224 704 1282 Paridis
724 1223 844 1282 tollitur.
884 1223 995 1294 Neque
1018 1225 1155 1297 equidem

149 1304 249 1360 tantae
262 1301 427 1359 auctoritati
439 1300 619 1372 obloquerer,
639 1301 694 1358 nisi
707 1300 785 1371 mihi,
799 1305 832 1357 nt
844 1298 914 1357 alibi
927 1299 1155 1374 significarim

97 1381 135 1426 2⁷⁴
147 1377 192 1434 his
212 1377 364 1450 postremis
384 1377 471 1434 nhum
492 1382 638 1435 auctorem
651 1392 735 1448 quam
748 1377 874 1450 priorum
886 1374 1036 1436 librorum
1053 1378 1156 1437 andire

148 1452 270 1510 viderer.
309 1454 392 1511 Nunc
420 1468 489 1513 vero
516 1458 546 1511 et
570 1453 641 1511 illud
672 1458 702 1510 et
720 1451 896 1512 Hesiodeem
912 1449 1152 1531 paploodvffl)

147 1528 226 1588 hand
246 1534 365 1602 gravate
383 1527 454 1601 iero,
476 1529 530 1587 etsi
551 1545 586 1587 ea
604 1531 662 1588 iam
674 1530 704 1586 in
716 1528 927 1602 Aristophaneo
943 1536 978 1586 et
991 1530 1024 1587 in
1041 1531 1152 1613 urbicis

149 1605 319 1678 quibusdam
338 1606 547 1678 exemplaribus
568 1607 687 1678 expulsa
706 1612 784 1677 eret,
814 1611 875 1664 toto
895 1604 1095 1667 hemistichio
1116 1609 1154 1666 sic

148 1688 266 1752 mutato,
287 1679 305 1760 ἦ
324 1681 352 1739 οἱ
369 1679 563 1761 κεχαρισμένα
581 1676 651 1758 δῶρ’
671 1678 796 1758 ὀνόμηνε.
831 1681 921 1751 Quam
934 1687 1023 1740 recte
1041 1690 1077 1742 et
1090 1684 1155 1743 reli·

134 1759 238 1831 'giose,
257 1776 314 1818 non
334 1759 462 1817 dixerim.
494 1760 568 1818 Nam
588 1775 688 1830 parum
708 1758 871 1830 probabiles
890 1762 964 1830 puto
981 1774 1038 1817 eas
1055 1777 1154 1818 omnes

150 1835 328 1894 coniecturas
349 1841 378 1893 et
397 1836 504 1911 obelos,
524 1834 626 1907 quibus
646 1842 774 1893 extrema
793 1834 899 1892 iliados
919 1833 959 1890 ed
982 1835 1156 1895 similitudi·

150 1927 215 1969 nem
228 1911 399 1970 Homericae
418 1911 631 1970 consuetudinis
644 1928 698 1984 per
711 1912 767 1969 vim
780 1909 921 1981 reingere
935 1911 1105 1971 voluerunt
1110 1913 1155 1983 ων

149 1987 229 2046 Alibi
248 1988 363 2060 saepius
381 1987 529 2047 obscurior
547 1995 593 2050 est
613 1988 756 2046 sententia
775 1985 944 2044 Aristarchi.
980 1986 1027 2046 Ut
1043 2008 1074 2045 π.
1091 1997 1155 2049 613.

150 2065 290 2123 incertum
311 2071 368 2136 est,
392 2064 475 2123 hicne
495 2065 557 2138 ipse
576 2081 675 2122 versus
696 2081 732 2121 en
750 2063 872 2136 proximi
891 2062 964 2133 dno,
991 2065 1050 2134 qni
1071 2067 1157 2124 nimis

150 2139 316 2218 ταυτολύγοι
335 2147 409 2213 sunt,
430 2139 574 2200 abfuerint
593 2141 629 2199 ab
649 2141 742 2198 altera
760 2141 928 2198 recensione
948 2138 1044 2198 ifflns.
1082 2144 1157 2201 Item

151 2238 169 2273 ι.
189 2224 348 2277 684-690.
370 2221 554 2290 (688-694.)
575 2217 738 2288 ambignum
758 2215 848 2273 videri
868 2221 975 2287 potest,
995 2219 1077 2287 qnid
1091 2218 1157 2276 Ari·

150 2294 281 2352 starchus
294 2295 402 2366 primus
415 2293 525 2366 fecerit,
540 2294 664 2365 qsridque
677 2293 789 2352 omnino
802 2292 955 2362 notaverit,
976 2308 1076 2362 quum
1090 2312 1157 2368 per·

151 2371 248 2442 spicue
268 2378 434 2429 numeretur
453 2372 482 2428 in
502 2368 648 2427 ἀθετοῦσι.
676 2368 784 2441 Quodsi
797 2369 822 2426 is
836 2369 912 2426 idem
924 2365 989 2432 fuit,
1003 2375 1042 2426 ut
1057 2373 1156 2445 suspi-

150 2463 208 2518 cor,
229 2448 277 2518 qui
296 2448 390 2505 locum
409 2448 488 2505 illum
509 2443 654 2523 συνέτεμε,
673 2446 789 2504 reiectis
810 2461 861 2502 sex
874 2443 1005 2501 versibus
1022 2446 1071 2505 ita
1085 2450 1158 2506 seri·

150 2522 220 2581 bere
233 2523 331 2594 voluit,
345 2528 378 2581 nt
387 2520 479 2600 Χεῖρα
492 2519 540 2601 ἑήν
553 2523 636 2581 finem
649 2521 760 2580 feceret
773 2521 909 2580 orationis
920 2519 1051 2594 Ulyssis,
1068 2525 1158 2596 eique

150 2598 245 2657 versui
265 2599 450 2670 subiungeret
469 2599 541 2659 duos
560 2600 638 2670 illos,
657 2591 706 2662 Ὣς
725 2591 771 2674 ee.
798 2629 833 2639 -
859 2598 955 2673 σιωπῇ
976 2601 1008 2654 et
1041 2596 1085 2678 Ab
1125 2599 1157 2658 δ’

101 2693 139 2735 ms
152 2671 228 2751 ἄνεῳ
241 2707 279 2715 -
292 2672 415 2763 Ἀχαιῶν,
435 2677 531 2734 deleto
553 2692 595 2746 eo,
616 2676 665 2746 qni
685 2675 769 2746 vulgo
790 2673 834 2731 his
848 2672 1042 2743 interpositus
1058 2682 1119 2748 est,
1141 2693 1160 2736 a

150 2765 197 2810 me
210 2751 291 2808 uncis
306 2751 440 2809 meluens.
469 2753 543 2810 Nem
556 2752 603 2810 hic
614 2751 684 2809 mihi
697 2766 810 2822 semper
824 2750 984 2822 importune
999 2754 1158 2823 repetitus

151 2826 310 2900 videbatur,
331 2843 417 2900 quum
436 2829 607 2903 superiores,
627 2828 697 2886 licet
716 2833 745 2885 et
764 2827 842 2899 ipsos
856 2825 1002 2892 molestes,
1025 2834 1159 2902 propter

151 3075 176 3130 Ε
219 3009 254 3074 ⁵⁸)
271 3006 388 3061 Maerob.
409 3007 513 3061 Saturn.
532 3003 564 3070 V,
585 3007 623 3057 16.
641 3003 709 3056 med.
729 3007 756 3055 et
773 3002 851 3053 Auct.
870 2997 948 3051 Vitae
968 2998 1052 3055 Hom.
1073 3002 1108 3055 T.
1123 3003 1158 3058 V.

176 3091 258 3225 meg).
280 3080 357 3214 l(340811f
375 3158 470 3214 spidas
497 3164 525 3211 et
541 3157 664 3224 Apollon⁴
684 3171 739 3209 voc.
756 3151 913 3224 μαχλοσόνη
930 3150 1024 3219 ibique
1046 3155 1159 3212 Villois.

153 3227 235 3283 Simul
253 3244 287 3282 ex
303 3228 355 3282 hac
372 3243 402 3280 re
419 3225 604 3293 intelligimus,
632 3222 815 3276 Aristarchum
832 3220 950 3273 Hesiodo
968 3235 1019 3272 seu
1043 3226 1161 3280 auctori

153 3292 315 3365 Καταλὸγων
333 3295 485 3349 inferiorem
504 3308 583 3361 quam
600 3292 717 3345 Homero
729 3295 844 3343 aetatem
863 3286 995 3340 tribuisse.

219 3384 255 3448 ⁶⁰)
272 3381 305 3435 Id
321 3381 360 3434 ita
378 3378 478 3433 iactum
496 3393 554 3430 esse
572 3377 673 3430 clarum
690 3381 731 3428 est
749 3389 782 3427 en
799 3371 895 3430 Scholl.
916 3370 950 3423 ed
974 3367 1043 3425 Μ.
1061 3375 1095 3427 Ψ.
1123 3378 1160 3431 In

153 3448 249 3518 quibus
266 3447 415 3516 rhapsodiis
433 3445 554 3500 certatim
572 3443 743 3497 elaborarunt
759 3446 873 3506 veteres,
890 3446 1008 3492 utnotas
1020 3445 1160 3511 proprias

153 3517 299 3572 alienorum
315 3515 482 3584 ingeniorum
499 3513 654 3566 eximerent.
