<?xml version="1.0" encoding="UTF-8"?>
<!DOCTYPE html PUBLIC "-//W3C//DTD XHTML 1.0 Transitional//EN"
    "http://www.w3.org/TR/xhtml1/DTD/xhtml1-transitional.dtd">
<html xmlns="http://www.w3.org/1999/xhtml" xml:lang="en" lang="en">
 <head>
  <title>
</title>
<meta http-equiv="Content-Type" content="text/html;charset=utf-8" />
  <meta name='ocr-system' content='tesseract 3.04.00' />
  <meta name='ocr-capabilities' content='ocr_page ocr_carea ocr_par ocr_line ocrx_word'/>
</head>
<body>
  <div class='ocr_page' id='page_1' title='image "./prolegomenaadho01wolfgoog_0148.png"; bbox 0 0 2482 3960; ppageno 0'>
   <div class='ocr_carea' id='block_1_1' title="bbox 522 266 700 320">
    <p class='ocr_par' dir='ltr' id='par_1_1' title="bbox 522 266 700 320">
     <span class='ocr_line' id='line_1_1' title="bbox 522 266 700 320; baseline 0 -1"><span class='ocrx_word' id='word_1_1' title='bbox 522 266 700 320; x_wconf 79' lang='lat'>-125-</span> 
     </span>
    </p>
   </div>
   <div class='ocr_carea' id='block_1_2' title="bbox 105 384 1107 487">
    <p class='ocr_par' dir='ltr' id='par_1_2' title="bbox 105 384 1107 487">
     <span class='ocr_line' id='line_1_2' title="bbox 105 384 1107 487; baseline 0.005 -17"><span class='ocrx_word' id='word_1_2' title='bbox 105 411 253 485; x_wconf 89' lang='lat' dir='ltr'><strong>nodotum‚</strong></span> <span class='ocrx_word' id='word_1_3' title='bbox 274 427 349 484; x_wconf 88' lang='lat' dir='ltr'><strong>quae</strong></span> <span class='ocrx_word' id='word_1_4' title='bbox 368 412 407 470; x_wconf 90' lang='lat' dir='ltr'><strong>ad</strong></span> <span class='ocrx_word' id='word_1_5' title='bbox 427 412 489 470; x_wconf 87' lang='lat' dir='ltr'><strong>eins</strong></span> <span class='ocrx_word' id='word_1_6' title='bbox 509 384 712 472; x_wconf 86' lang='lat' dir='ltr'><strong>auctoritatem</strong></span> <span class='ocrx_word' id='word_1_7' title='bbox 731 411 905 487; x_wconf 88' lang='lat' dir='ltr'><strong>referuntur,</strong></span> <span class='ocrx_word' id='word_1_8' title='bbox 925 419 1013 486; x_wconf 89' lang='lat' dir='ltr'><strong>atque</strong></span> <span class='ocrx_word' id='word_1_9' title='bbox 1032 415 1107 475; x_wconf 87' lang='lat' dir='ltr'><strong>adeo</strong></span> 
     </span>
    </p>
   </div>
   <div class='ocr_carea' id='block_1_3' title="bbox 103 487 1154 952">
    <p class='ocr_par' dir='ltr' id='par_1_3' title="bbox 103 487 1154 952">
     <span class='ocr_line' id='line_1_3' title="bbox 105 487 1107 565; baseline 0.003 -18"><span class='ocrx_word' id='word_1_10' title='bbox 105 487 288 549; x_wconf 77' lang='lat' dir='ltr'><strong>Zenodoteae</strong></span> <span class='ocrx_word' id='word_1_11' title='bbox 308 489 475 562; x_wconf 86' lang='lat' dir='ltr'><strong>scripturas,</strong></span> <span class='ocrx_word' id='word_1_12' title='bbox 495 504 629 562; x_wconf 80' lang='lat' dir='ltr'><strong>magnam</strong></span> <span class='ocrx_word' id='word_1_13' title='bbox 642 496 721 548; x_wconf 90' lang='lat' dir='ltr'><strong>certe</strong></span> <span class='ocrx_word' id='word_1_14' title='bbox 734 496 857 565; x_wconf 87' lang='lat' dir='ltr'><strong>partem,</strong></span> <span class='ocrx_word' id='word_1_15' title='bbox 876 508 934 550; x_wconf 91' lang='lat' dir='ltr'><strong>non</strong></span> <span class='ocrx_word' id='word_1_16' title='bbox 947 491 1019 550; x_wconf 87' lang='lat' dir='ltr'><strong>alias</strong></span> <span class='ocrx_word' id='word_1_17' title='bbox 1033 508 1107 564; x_wconf 87' lang='lat' dir='ltr'><strong>esse,</strong></span> 
     </span>
     <span class='ocr_line' id='line_1_4' title="bbox 105 565 1100 640; baseline 0.003 -16"><span class='ocrx_word' id='word_1_18' title='bbox 105 581 192 638; x_wconf 89' lang='lat' dir='ltr'><strong>qnam</strong></span> <span class='ocrx_word' id='word_1_19' title='bbox 211 565 404 637; x_wconf 85' lang='lat' dir='ltr'><strong>antiquiorum</strong></span> <span class='ocrx_word' id='word_1_20' title='bbox 428 565 631 638; x_wconf 89' lang='lat' dir='ltr'><strong>plerorumque</strong></span> <span class='ocrx_word' id='word_1_21' title='bbox 654 567 802 627; x_wconf 90' lang='lat' dir='ltr'><strong>librorum.</strong></span> <span class='ocrx_word' id='word_1_22' title='bbox 841 568 932 640; x_wconf 90' lang='lat' dir='ltr'><strong>quue</strong></span> <span class='ocrx_word' id='word_1_23' title='bbox 957 585 1044 640; x_wconf 90' lang='lat' dir='ltr'><strong>quum</strong></span> <span class='ocrx_word' id='word_1_24' title='bbox 1069 575 1100 627; x_wconf 90' lang='lat' dir='ltr'><strong>et</strong></span> 
     </span>
     <span class='ocr_line' id='line_1_5' title="bbox 105 641 1153 718; baseline -0.001 -15"><span class='ocrx_word' id='word_1_25' title='bbox 105 643 272 703; x_wconf 88' lang='lat' dir='ltr'><strong>coniectura</strong></span> <span class='ocrx_word' id='word_1_26' title='bbox 289 641 440 716; x_wconf 79' lang='lat' dir='ltr'>probabile</span> <span class='ocrx_word' id='word_1_27' title='bbox 454 642 500 714; x_wconf 89' lang='lat' dir='ltr'><strong>sit,</strong></span> <span class='ocrx_word' id='word_1_28' title='bbox 521 647 551 701; x_wconf 92' lang='lat' dir='ltr'><strong>et</strong></span> <span class='ocrx_word' id='word_1_29' title='bbox 563 643 673 715; x_wconf 80' lang='lat' dir='ltr'><strong>aliquot</strong></span> <span class='ocrx_word' id='word_1_30' title='bbox 685 643 797 703; x_wconf 88' lang='lat' dir='ltr'><strong>idoneis</strong></span> <span class='ocrx_word' id='word_1_31' title='bbox 807 645 983 718; x_wconf 80' lang='lat' dir='ltr'><strong>argumentis</strong></span> <span class='ocrx_word' id='word_1_32' title='bbox 993 645 1098 702; x_wconf 92' lang='lat' dir='ltr'><strong>intelli·</strong></span> <span class='ocrx_word' id='word_1_33' title='bbox 1113 654 1153 693; x_wconf 77' lang='lat'><strong>²⁰4</strong></span> 
     </span>
     <span class='ocr_line' id='line_1_6' title="bbox 105 717 1098 795; baseline 0.002 -17"><span class='ocrx_word' id='word_1_34' title='bbox 105 717 250 792; x_wconf 54' lang='lat' dir='ltr'><strong>guture),</strong></span> <span class='ocrx_word' id='word_1_35' title='bbox 275 719 482 791; x_wconf 89' lang='lat' dir='ltr'><strong>circumspecte</strong></span> <span class='ocrx_word' id='word_1_36' title='bbox 506 718 588 778; x_wconf 91' lang='lat' dir='ltr'><strong>nobis</strong></span> <span class='ocrx_word' id='word_1_37' title='bbox 613 719 798 779; x_wconf 88' lang='lat' dir='ltr'><strong>iudicandum</strong></span> <span class='ocrx_word' id='word_1_38' title='bbox 823 723 880 780; x_wconf 90' lang='lat' dir='ltr'><strong>erit</strong></span> <span class='ocrx_word' id='word_1_39' title='bbox 904 721 941 780; x_wconf 91' lang='lat' dir='ltr'><strong>de</strong></span> <span class='ocrx_word' id='word_1_40' title='bbox 965 722 1098 795; x_wconf 89' lang='lat' dir='ltr'><strong>principe</strong></span> 
     </span>
     <span class='ocr_line' id='line_1_7' title="bbox 105 794 1154 869; baseline 0.002 -15"><span class='ocrx_word' id='word_1_41' title='bbox 105 794 287 868; x_wconf 85' lang='lat' dir='ltr'><strong>Criticorum,</strong></span> <span class='ocrx_word' id='word_1_42' title='bbox 306 811 344 853; x_wconf 95' lang='lat' dir='ltr'><strong>ne</strong></span> <span class='ocrx_word' id='word_1_43' title='bbox 362 796 419 868; x_wconf 88' lang='lat' dir='ltr'><strong>ipsi</strong></span> <span class='ocrx_word' id='word_1_44' title='bbox 438 795 612 869; x_wconf 82' lang='lat' dir='ltr'><strong>imputemus</strong></span> <span class='ocrx_word' id='word_1_45' title='bbox 632 797 715 869; x_wconf 88' lang='lat' dir='ltr'><strong>vitia,</strong></span> <span class='ocrx_word' id='word_1_46' title='bbox 742 813 817 869; x_wconf 90' lang='lat' dir='ltr'><strong>quae</strong></span> <span class='ocrx_word' id='word_1_47' title='bbox 837 799 865 856; x_wconf 91' lang='lat' dir='ltr'><strong>ei</strong></span> <span class='ocrx_word' id='word_1_48' title='bbox 883 796 1005 856; x_wconf 84' lang='lat' dir='ltr'><strong>forsitan</strong></span> <span class='ocrx_word' id='word_1_49' title='bbox 1025 814 1100 856; x_wconf 93' lang='lat' dir='ltr'><strong>com·</strong></span> <span class='ocrx_word' id='word_1_50' title='bbox 1116 808 1154 848; x_wconf 67' lang='grc' dir='ltr'><strong>νῦν</strong></span> 
     </span>
     <span class='ocr_line' id='line_1_8' title="bbox 103 868 1053 952; baseline -0.001 -22"><span class='ocrx_word' id='word_1_51' title='bbox 103 872 202 930; x_wconf 91' lang='lat' dir='ltr'><strong>munia</strong></span> <span class='ocrx_word' id='word_1_52' title='bbox 219 868 327 952; x_wconf 87' lang='lat' dir='ltr'><strong>fuerint</strong></span> <span class='ocrx_word' id='word_1_53' title='bbox 346 887 411 930; x_wconf 91' lang='lat' dir='ltr'><strong>cum</strong></span> <span class='ocrx_word' id='word_1_54' title='bbox 430 871 597 932; x_wconf 87' lang='lat' dir='ltr'><strong>doctissimo</strong></span> <span class='ocrx_word' id='word_1_55' title='bbox 617 888 731 944; x_wconf 90' lang='lat' dir='ltr'><strong>quoque</strong></span> <span class='ocrx_word' id='word_1_56' title='bbox 750 874 864 933; x_wconf 89' lang='lat' dir='ltr'><strong>illorum</strong></span> <span class='ocrx_word' id='word_1_57' title='bbox 883 879 1053 947; x_wconf 90' lang='lat' dir='ltr'><strong>temporum.</strong></span> 
     </span>
    </p>
   </div>
   <div class='ocr_carea' id='block_1_4' title="bbox 100 1109 1104 1384">
    <p class='ocr_par' dir='ltr' id='par_1_4' title="bbox 100 1109 1104 1384">
     <span class='ocr_line' id='line_1_9' title="bbox 102 1109 1104 1179; baseline 0.004 -16"><span class='ocrx_word' id='word_1_58' title='bbox 102 1109 216 1164; x_wconf 83' lang='lat' dir='ltr'><strong>sublatis</strong></span> <span class='ocrx_word' id='word_1_59' title='bbox 233 1116 350 1178; x_wconf 85' lang='lat' dir='ltr'><strong>quatuor</strong></span> <span class='ocrx_word' id='word_1_60' title='bbox 366 1110 419 1164; x_wconf 90' lang='lat' dir='ltr'><strong>illis</strong></span> <span class='ocrx_word' id='word_1_61' title='bbox 436 1113 582 1165; x_wconf 73' lang='lat' dir='ltr'><strong>eae-426.</strong></span> <span class='ocrx_word' id='word_1_62' title='bbox 617 1110 661 1165; x_wconf 85' lang='lat' dir='ltr'><strong>Sic</strong></span> <span class='ocrx_word' id='word_1_63' title='bbox 678 1129 700 1163; x_wconf 86' lang='grc' dir='ltr'><strong>ι.</strong></span> <span class='ocrx_word' id='word_1_64' title='bbox 718 1114 777 1165; x_wconf 78' lang='lat'><strong>522.</strong></span> <span class='ocrx_word' id='word_1_65' title='bbox 796 1112 981 1179; x_wconf 82' lang='lat' dir='ltr'><strong>praeponebat</strong></span> <span class='ocrx_word' id='word_1_66' title='bbox 997 1120 1104 1168; x_wconf 88' lang='lat' dir='ltr'><strong>antece-</strong></span> 
     </span>
     <span class='ocr_line' id='line_1_10' title="bbox 102 1175 1100 1248; baseline 0.002 -16"><span class='ocrx_word' id='word_1_67' title='bbox 102 1177 228 1232; x_wconf 79' lang='lat' dir='ltr'><strong>dentibus</strong></span> <span class='ocrx_word' id='word_1_68' title='bbox 245 1178 357 1248; x_wconf 84' lang='lat' dir='ltr'><strong>duobus,</strong></span> <span class='ocrx_word' id='word_1_69' title='bbox 375 1178 421 1233; x_wconf 90' lang='lat' dir='ltr'><strong>ubi</strong></span> <span class='ocrx_word' id='word_1_70' title='bbox 439 1178 526 1233; x_wconf 79' lang='lat' dir='ltr'><strong>Schol.</strong></span> <span class='ocrx_word' id='word_1_71' title='bbox 543 1178 621 1240; x_wconf 87' lang='lat' dir='ltr'><strong>bene,</strong></span> <span class='ocrx_word' id='word_1_72' title='bbox 640 1175 744 1248; x_wconf 79' lang='grc' dir='ltr'><em>Πρῶτα</em></span> <span class='ocrx_word' id='word_1_73' title='bbox 762 1179 792 1231; x_wconf 81' lang='grc' dir='ltr'><strong>δὲ</strong></span> <span class='ocrx_word' id='word_1_74' title='bbox 809 1179 905 1231; x_wconf 73' lang='grc' dir='ltr'><em>ἰδόντα</em></span> <span class='ocrx_word' id='word_1_75' title='bbox 919 1179 975 1232; x_wconf 81' lang='grc' dir='ltr'><em>ἔδει</em></span> <span class='ocrx_word' id='word_1_76' title='bbox 986 1180 1100 1234; x_wconf 82' lang='grc' dir='ltr'><em>κλαίειν.</em></span> 
     </span>
     <span class='ocr_line' id='line_1_11' title="bbox 100 1245 1100 1315; baseline 0.003 -15"><span class='ocrx_word' id='word_1_77' title='bbox 100 1245 176 1300; x_wconf 81' lang='lat' dir='ltr'><strong>Alibi</strong></span> <span class='ocrx_word' id='word_1_78' title='bbox 193 1246 390 1301; x_wconf 84' lang='lat' dir='ltr'><strong>contractiones</strong></span> <span class='ocrx_word' id='word_1_79' title='bbox 410 1262 536 1302; x_wconf 85' lang='lat' dir='ltr'><strong>versuum</strong></span> <span class='ocrx_word' id='word_1_80' title='bbox 553 1245 704 1301; x_wconf 83' lang='lat' dir='ltr'><strong>afferuntur</strong></span> <span class='ocrx_word' id='word_1_81' title='bbox 728 1247 757 1300; x_wconf 90' lang='lat' dir='ltr'><strong>in</strong></span> <span class='ocrx_word' id='word_1_82' title='bbox 774 1247 867 1315; x_wconf 90' lang='lat' dir='ltr'><strong>primis</strong></span> <span class='ocrx_word' id='word_1_83' title='bbox 884 1247 1022 1303; x_wconf 84' lang='lat' dir='ltr'><strong>ridiculae.</strong></span> <span class='ocrx_word' id='word_1_84' title='bbox 1056 1249 1100 1304; x_wconf 91' lang='lat' dir='ltr'><strong>Ita</strong></span> 
     </span>
     <span class='ocr_line' id='line_1_12' title="bbox 100 1313 934 1384; baseline 0 -16"><span class='ocrx_word' id='word_1_85' title='bbox 100 1313 226 1384; x_wconf 74' lang='lat' dir='ltr'><strong>egregios</strong></span> <span class='ocrx_word' id='word_1_86' title='bbox 242 1313 302 1368; x_wconf 82' lang='lat' dir='ltr'><strong>illos</strong></span> <span class='ocrx_word' id='word_1_87' title='bbox 320 1332 345 1368; x_wconf 85' lang='lat' dir='ltr'><strong>a.</strong></span> <span class='ocrx_word' id='word_1_88' title='bbox 363 1319 420 1371; x_wconf 80' lang='lat'><strong>219.</strong></span> <span class='ocrx_word' id='word_1_89' title='bbox 439 1318 499 1369; x_wconf 75' lang='lat'><strong>220.</strong></span> <span class='ocrx_word' id='word_1_90' title='bbox 518 1314 731 1369; x_wconf 88' lang='lat' dir='ltr'><strong>contrahebatin</strong></span> <span class='ocrx_word' id='word_1_91' title='bbox 747 1315 820 1370; x_wconf 92' lang='lat' dir='ltr'><strong>hunc</strong></span> <span class='ocrx_word' id='word_1_92' title='bbox 837 1331 934 1371; x_wconf 83' lang='lat' dir='ltr'><strong>unum:</strong></span> 
     </span>
    </p>
   </div>
   <div class='ocr_carea' id='block_1_5' title="bbox 99 1395 971 1641">
    <p class='ocr_par' dir='ltr' id='par_1_5' title="bbox 99 1395 971 1641">
     <span class='ocr_line' id='line_1_13' title="bbox 233 1395 971 1470; baseline 0.005 -18"><span class='ocrx_word' id='word_1_93' title='bbox 233 1395 280 1460; x_wconf 87' lang='grc' dir='ltr'><strong>Ὣς</strong></span> <span class='ocrx_word' id='word_1_94' title='bbox 297 1399 381 1453; x_wconf 74' lang='grc' dir='ltr'><em>εἰπὼν</em></span> <span class='ocrx_word' id='word_1_95' title='bbox 399 1400 478 1453; x_wconf 84' lang='grc' dir='ltr'><em>πάλιν</em></span> <span class='ocrx_word' id='word_1_96' title='bbox 496 1399 554 1452; x_wconf 80' lang='grc' dir='ltr'><strong>ὦσε</strong></span> <span class='ocrx_word' id='word_1_97' title='bbox 570 1400 642 1468; x_wconf 75' lang='grc' dir='ltr'><em>μέγα</em></span> <span class='ocrx_word' id='word_1_98' title='bbox 660 1398 744 1468; x_wconf 71' lang='grc' dir='ltr'><em>ξίφος,</em></span> <span class='ocrx_word' id='word_1_99' title='bbox 762 1401 826 1453; x_wconf 77' lang='lat' dir='ltr'><strong>ooc’</strong></span> <span class='ocrx_word' id='word_1_100' title='bbox 844 1400 971 1470; x_wconf 67' lang='grc' dir='ltr'><strong>ἀπίθησε.</strong></span> 
     </span>
     <span class='ocr_line' id='line_1_14' title="bbox 99 1484 854 1554; baseline -0.003 -14"><span class='ocrx_word' id='word_1_101' title='bbox 99 1484 258 1554; x_wconf 63' lang='lat' dir='ltr'><strong>mumque</strong></span> <span class='ocrx_word' id='word_1_102' title='bbox 275 1485 304 1538; x_wconf 88' lang='lat' dir='ltr'><strong>in</strong></span> <span class='ocrx_word' id='word_1_103' title='bbox 320 1484 390 1539; x_wconf 92' lang='lat' dir='ltr'><strong>libro</strong></span> <span class='ocrx_word' id='word_1_104' title='bbox 407 1499 457 1553; x_wconf 90' lang='lat' dir='ltr'><strong>pro</strong></span> <span class='ocrx_word' id='word_1_105' title='bbox 475 1488 532 1538; x_wconf 85' lang='grc'><strong>446.</strong></span> <span class='ocrx_word' id='word_1_106' title='bbox 552 1485 610 1539; x_wconf 80' lang='grc'><strong>447.</strong></span> <span class='ocrx_word' id='word_1_107' title='bbox 629 1484 700 1538; x_wconf 91' lang='lat' dir='ltr'><strong>hunc</strong></span> <span class='ocrx_word' id='word_1_108' title='bbox 717 1485 854 1540; x_wconf 84' lang='lat' dir='ltr'><strong>habebat:</strong></span> 
     </span>
     <span class='ocr_line' id='line_1_15' title="bbox 249 1566 950 1641; baseline 0.004 -18"><span class='ocrx_word' id='word_1_109' title='bbox 249 1566 296 1631; x_wconf 87' lang='grc' dir='ltr'><strong>Ὣς</strong></span> <span class='ocrx_word' id='word_1_110' title='bbox 313 1569 404 1623; x_wconf 81' lang='grc' dir='ltr'><em>εἶπεν·</em></span> <span class='ocrx_word' id='word_1_111' title='bbox 423 1571 467 1622; x_wconf 83' lang='lat' dir='ltr'><strong>rol</strong></span> <span class='ocrx_word' id='word_1_112' title='bbox 484 1570 513 1622; x_wconf 83' lang='lat' dir='ltr'><strong>d’</strong></span> <span class='ocrx_word' id='word_1_113' title='bbox 532 1569 589 1621; x_wconf 76' lang='grc' dir='ltr'><strong>ὦκα</strong></span> <span class='ocrx_word' id='word_1_114' title='bbox 607 1572 668 1641; x_wconf 69' lang='grc' dir='ltr'><strong>θεῷ</strong></span> <span class='ocrx_word' id='word_1_115' title='bbox 686 1571 765 1641; x_wconf 79' lang='grc' dir='ltr'><em>ἱερὴν</em></span> <span class='ocrx_word' id='word_1_116' title='bbox 783 1571 950 1641; x_wconf 75' lang='grc' dir='ltr'><em>ἑκατόμβην.</em></span> 
     </span>
    </p>
   </div>
   <div class='ocr_carea' id='block_1_6' title="bbox 98 1654 1104 1949">
    <p class='ocr_par' dir='ltr' id='par_1_6' title="bbox 98 1654 1104 1794">
     <span class='ocr_line' id='line_1_16' title="bbox 102 1654 1104 1731; baseline -0.003 -20"><span class='ocrx_word' id='word_1_117' title='bbox 102 1654 135 1711; x_wconf 86' lang='grc' dir='ltr'><strong>Β.</strong></span> <span class='ocrx_word' id='word_1_118' title='bbox 152 1660 194 1715; x_wconf 76' lang='grc'><strong>60.</strong></span> <span class='ocrx_word' id='word_1_119' title='bbox 201 1671 258 1725; x_wconf 83' lang='lat' dir='ltr'><strong>sqq.</strong></span> <span class='ocrx_word' id='word_1_120' title='bbox 277 1656 358 1710; x_wconf 88' lang='lat' dir='ltr'><strong>tertia</strong></span> <span class='ocrx_word' id='word_1_121' title='bbox 375 1656 502 1723; x_wconf 84' lang='lat' dir='ltr'><strong>repetitio</strong></span> <span class='ocrx_word' id='word_1_122' title='bbox 521 1655 666 1710; x_wconf 92' lang='lat' dir='ltr'><strong>eorundem</strong></span> <span class='ocrx_word' id='word_1_123' title='bbox 683 1671 808 1710; x_wconf 83' lang='lat' dir='ltr'><strong>versuum</strong></span> <span class='ocrx_word' id='word_1_124' title='bbox 820 1656 845 1712; x_wconf 89' lang='lat' dir='ltr'><strong>ei</strong></span> <span class='ocrx_word' id='word_1_125' title='bbox 857 1655 925 1710; x_wconf 86' lang='lat' dir='ltr'><strong>adeo</strong></span> <span class='ocrx_word' id='word_1_126' title='bbox 938 1654 1104 1731; x_wconf 76' lang='lat' dir='ltr'><strong>displicebat,</strong></span> 
     </span>
     <span class='ocr_line' id='line_1_17' title="bbox 98 1722 586 1794; baseline -0.01 -13"><span class='ocrx_word' id='word_1_127' title='bbox 98 1731 135 1791; x_wconf 66' lang='lat' dir='ltr'><strong>,ut</strong></span> <span class='ocrx_word' id='word_1_128' title='bbox 151 1741 201 1794; x_wconf 92' lang='lat' dir='ltr'><strong>pro</strong></span> <span class='ocrx_word' id='word_1_129' title='bbox 219 1726 329 1781; x_wconf 75' lang='lat' dir='ltr'><strong>‹tc—70.</strong></span> <span class='ocrx_word' id='word_1_130' title='bbox 347 1723 398 1779; x_wconf 90' lang='lat' dir='ltr'><strong>hos</strong></span> <span class='ocrx_word' id='word_1_131' title='bbox 416 1722 483 1778; x_wconf 84' lang='lat' dir='ltr'><strong>duos</strong></span> <span class='ocrx_word' id='word_1_132' title='bbox 501 1723 586 1791; x_wconf 88' lang='lat' dir='ltr'><strong>daret,</strong></span> 
     </span>
    </p>

    <p class='ocr_par' dir='ltr' id='par_1_7' title="bbox 205 1807 852 1880">
     <span class='ocr_line' id='line_1_18' title="bbox 205 1807 852 1880; baseline 0 -18"><span class='ocrx_word' id='word_1_133' title='bbox 205 1807 312 1879; x_wconf 71' lang='grc' dir='ltr'><em>Ἡνώγει</em></span> <span class='ocrx_word' id='word_1_134' title='bbox 330 1827 363 1862; x_wconf 81' lang='grc' dir='ltr'><strong>σε</strong></span> <span class='ocrx_word' id='word_1_135' title='bbox 381 1811 474 1879; x_wconf 78' lang='grc' dir='ltr'><em>πατὴρ</em></span> <span class='ocrx_word' id='word_1_136' title='bbox 493 1809 628 1877; x_wconf 76' lang='grc' dir='ltr'><strong><em>ὑψίζυγος,</em></strong></span> <span class='ocrx_word' id='word_1_137' title='bbox 647 1810 740 1880; x_wconf 71' lang='grc' dir='ltr'><em>αἰθέρι</em></span> <span class='ocrx_word' id='word_1_138' title='bbox 760 1811 852 1873; x_wconf 84' lang='grc' dir='ltr'><em>ναίων,</em></span> 
     </span>
    </p>

    <p class='ocr_par' dir='ltr' id='par_1_8' title="bbox 208 1873 985 1949">
     <span class='ocr_line' id='line_1_19' title="bbox 208 1873 985 1949; baseline 0.003 -20"><span class='ocrx_word' id='word_1_139' title='bbox 208 1873 299 1946; x_wconf 73' lang='grc' dir='ltr'><em>Τρωσὶ</em></span> <span class='ocrx_word' id='word_1_140' title='bbox 315 1879 495 1949; x_wconf 68' lang='grc' dir='ltr'><em>μαχήσασθαι</em></span> <span class='ocrx_word' id='word_1_141' title='bbox 514 1877 594 1946; x_wconf 77' lang='grc' dir='ltr'><strong><em>προτὶ</em></strong></span> <span class='ocrx_word' id='word_1_142' title='bbox 604 1876 693 1932; x_wconf 86' lang='grc' dir='ltr'><em>Ἴλιον.</em></span> <span class='ocrx_word' id='word_1_143' title='bbox 721 1876 770 1938; x_wconf 84' lang='grc' dir='ltr'><strong>Ὣς</strong></span> <span class='ocrx_word' id='word_1_144' title='bbox 788 1881 803 1930; x_wconf 84' lang='grc' dir='ltr'><strong><em>ὁ</em></strong></span> <span class='ocrx_word' id='word_1_145' title='bbox 820 1881 872 1942; x_wconf 79' lang='grc' dir='ltr'><strong>μὲν</strong></span> <span class='ocrx_word' id='word_1_146' title='bbox 892 1879 985 1932; x_wconf 76' lang='grc' dir='ltr'><em>εἰπών,</em></span> 
     </span>
    </p>
   </div>
   <div class='ocr_carea' id='block_1_7' title="bbox 100 1961 1104 2234">
    <p class='ocr_par' dir='ltr' id='par_1_9' title="bbox 100 1961 1104 2234">
     <span class='ocr_line' id='line_1_20' title="bbox 102 1961 1103 2031; baseline -0.004 -14"><span class='ocrx_word' id='word_1_147' title='bbox 102 1962 143 2017; x_wconf 83' lang='lat' dir='ltr'><strong>cf.</strong></span> <span class='ocrx_word' id='word_1_148' title='bbox 160 1961 238 2016; x_wconf 79' lang='lat' dir='ltr'><strong>Euat.</strong></span> <span class='ocrx_word' id='word_1_149' title='bbox 256 1978 283 2030; x_wconf 89' lang='lat' dir='ltr'><strong>p.</strong></span> <span class='ocrx_word' id='word_1_150' title='bbox 298 1964 354 2018; x_wconf 82' lang='grc'><strong>173.</strong></span> <span class='ocrx_word' id='word_1_151' title='bbox 391 1962 518 2017; x_wconf 81' lang='lat' dir='ltr'><strong>Similiter</strong></span> <span class='ocrx_word' id='word_1_152' title='bbox 535 1963 683 2031; x_wconf 88' lang='lat' dir='ltr'><strong>ineptiebat</strong></span> <span class='ocrx_word' id='word_1_153' title='bbox 700 1965 729 2016; x_wconf 94' lang='lat' dir='ltr'><strong>in</strong></span> <span class='ocrx_word' id='word_1_154' title='bbox 746 1983 772 2017; x_wconf 81' lang='grc' dir='ltr'><strong>π.</strong></span> <span class='ocrx_word' id='word_1_155' title='bbox 787 1966 827 2018; x_wconf 82' lang='lat'><strong>89.</strong></span> <span class='ocrx_word' id='word_1_156' title='bbox 835 1978 892 2030; x_wconf 87' lang='lat' dir='ltr'><strong>sqq.</strong></span> <span class='ocrx_word' id='word_1_157' title='bbox 909 1970 937 2016; x_wconf 93' lang='lat' dir='ltr'><strong>et</strong></span> <span class='ocrx_word' id='word_1_158' title='bbox 954 1963 1013 2017; x_wconf 89' lang='lat' dir='ltr'><strong>aliis</strong></span> <span class='ocrx_word' id='word_1_159' title='bbox 1031 1961 1103 2016; x_wconf 85' lang='lat' dir='ltr'><strong>locis.</strong></span> 
     </span>
     <span class='ocr_line' id='line_1_21' title="bbox 100 2029 1104 2099; baseline -0.003 -14"><span class='ocrx_word' id='word_1_160' title='bbox 100 2032 141 2085; x_wconf 82' lang='lat' dir='ltr'><strong>At</strong></span> <span class='ocrx_word' id='word_1_161' title='bbox 157 2030 187 2086; x_wconf 91' lang='lat' dir='ltr'><strong>in</strong></span> <span class='ocrx_word' id='word_1_162' title='bbox 203 2030 325 2098; x_wconf 88' lang='lat' dir='ltr'><strong>pluribus</strong></span> <span class='ocrx_word' id='word_1_163' title='bbox 341 2031 445 2095; x_wconf 84' lang='lat' dir='ltr'><strong>horum,</strong></span> <span class='ocrx_word' id='word_1_164' title='bbox 463 2030 578 2084; x_wconf 70' lang='lat' dir='ltr'><strong>mammo</strong></span> <span class='ocrx_word' id='word_1_165' title='bbox 597 2031 642 2098; x_wconf 91' lang='lat' dir='ltr'><strong>ibi,</strong></span> <span class='ocrx_word' id='word_1_166' title='bbox 660 2030 707 2086; x_wconf 89' lang='lat' dir='ltr'><strong>ubi</strong></span> <span class='ocrx_word' id='word_1_167' title='bbox 724 2030 825 2099; x_wconf 86' lang='lat' dir='ltr'><strong>ahquid</strong></span> <span class='ocrx_word' id='word_1_168' title='bbox 842 2030 921 2098; x_wconf 88' lang='lat' dir='ltr'><strong>plane</strong></span> <span class='ocrx_word' id='word_1_169' title='bbox 934 2031 1031 2091; x_wconf 89' lang='lat' dir='ltr'><strong>omisit,</strong></span> <span class='ocrx_word' id='word_1_170' title='bbox 1049 2029 1104 2082; x_wconf 92' lang='lat' dir='ltr'><strong>cui·</strong></span> 
     </span>
     <span class='ocr_line' id='line_1_22' title="bbox 100 2097 1099 2167; baseline -0.002 -14"><span class='ocrx_word' id='word_1_171' title='bbox 100 2099 144 2153; x_wconf 80' lang='lat' dir='ltr'><strong>vis</strong></span> <span class='ocrx_word' id='word_1_172' title='bbox 160 2105 287 2153; x_wconf 85' lang='lat' dir='ltr'><strong>nascatur</strong></span> <span class='ocrx_word' id='word_1_173' title='bbox 304 2099 433 2167; x_wconf 85' lang='lat' dir='ltr'><strong>auspicio,</strong></span> <span class='ocrx_word' id='word_1_174' title='bbox 456 2105 562 2166; x_wconf 88' lang='lat' dir='ltr'><strong>partem</strong></span> <span class='ocrx_word' id='word_1_175' title='bbox 590 2099 685 2166; x_wconf 89' lang='lat' dir='ltr'><strong>culpae</strong></span> <span class='ocrx_word' id='word_1_176' title='bbox 705 2099 734 2152; x_wconf 92' lang='lat' dir='ltr'><strong>in</strong></span> <span class='ocrx_word' id='word_1_177' title='bbox 760 2098 831 2152; x_wconf 87' lang='lat' dir='ltr'><strong>mala</strong></span> <span class='ocrx_word' id='word_1_178' title='bbox 852 2097 905 2152; x_wconf 87' lang='lat' dir='ltr'><strong>fide</strong></span> <span class='ocrx_word' id='word_1_179' title='bbox 929 2098 1099 2166; x_wconf 86' lang='lat' dir='ltr'><strong>antiquorum</strong></span> 
     </span>
     <span class='ocr_line' id='line_1_23' title="bbox 100 2165 1059 2234; baseline -0.005 -12"><span class='ocrx_word' id='word_1_180' title='bbox 100 2166 305 2234; x_wconf 82' lang='lat' dir='ltr'><strong>exemplarium,</strong></span> <span class='ocrx_word' id='word_1_181' title='bbox 322 2183 377 2222; x_wconf 92' lang='lat' dir='ltr'><strong>non</strong></span> <span class='ocrx_word' id='word_1_182' title='bbox 394 2167 422 2221; x_wconf 92' lang='lat' dir='ltr'><strong>in</strong></span> <span class='ocrx_word' id='word_1_183' title='bbox 438 2165 569 2221; x_wconf 87' lang='lat' dir='ltr'><strong>Zenodoti</strong></span> <span class='ocrx_word' id='word_1_184' title='bbox 586 2166 694 2234; x_wconf 79' lang='lat' dir='ltr'><strong>ingenio</strong></span> <span class='ocrx_word' id='word_1_185' title='bbox 712 2166 777 2234; x_wconf 90' lang='lat' dir='ltr'><strong>solo,</strong></span> <span class='ocrx_word' id='word_1_186' title='bbox 795 2165 975 2234; x_wconf 85' lang='lat' dir='ltr'><strong>quaerendam</strong></span> <span class='ocrx_word' id='word_1_187' title='bbox 994 2181 1059 2219; x_wconf 85' lang='lat' dir='ltr'><strong>esse.</strong></span> 
     </span>
    </p>
   </div>
   <div class='ocr_carea' id='block_1_8' title="bbox 70 2247 1206 3542">
    <p class='ocr_par' dir='ltr' id='par_1_10' title="bbox 70 2247 1206 3542">
     <span class='ocr_line' id='line_1_24' title="bbox 173 2247 1103 2319; baseline -0.006 -13"><span class='ocrx_word' id='word_1_188' title='bbox 173 2252 209 2317; x_wconf 70' lang='lat'><strong>²³)</strong></span> <span class='ocrx_word' id='word_1_189' title='bbox 225 2251 337 2306; x_wconf 69' lang='lat' dir='ltr'><strong>irinum</strong></span> <span class='ocrx_word' id='word_1_190' title='bbox 354 2266 432 2305; x_wconf 92' lang='lat' dir='ltr'><strong>omne</strong></span> <span class='ocrx_word' id='word_1_191' title='bbox 449 2250 608 2319; x_wconf 86' lang='lat' dir='ltr'><strong>perfectum,</strong></span> <span class='ocrx_word' id='word_1_192' title='bbox 626 2251 708 2304; x_wconf 89' lang='lat' dir='ltr'><strong>aiunt.</strong></span> <span class='ocrx_word' id='word_1_193' title='bbox 746 2249 776 2306; x_wconf 87' lang='grc' dir='ltr'><strong>Β.</strong></span> <span class='ocrx_word' id='word_1_194' title='bbox 797 2253 853 2306; x_wconf 83' lang='grc'><strong>196.</strong></span> <span class='ocrx_word' id='word_1_195' title='bbox 871 2249 1002 2318; x_wconf 83' lang='lat' dir='ltr'><strong>pluralem</strong></span> <span class='ocrx_word' id='word_1_196' title='bbox 1020 2247 1103 2304; x_wconf 80' lang='lat' dir='ltr'><strong>affert</strong></span> 
     </span>
     <span class='ocr_line' id='line_1_25' title="bbox 100 2317 1099 2389; baseline -0.006 -13"><span class='ocrx_word' id='word_1_197' title='bbox 100 2318 312 2376; x_wconf 72' lang='lat' dir='ltr'><strong>Ammattha.</strong></span> <span class='ocrx_word' id='word_1_198' title='bbox 331 2319 368 2388; x_wconf 86' lang='lat'><strong>11,</strong></span> <span class='ocrx_word' id='word_1_199' title='bbox 386 2323 410 2388; x_wconf 83' lang='lat'><strong>2,</strong></span> <span class='ocrx_word' id='word_1_200' title='bbox 422 2321 446 2373; x_wconf 83' lang='grc'><strong>7.</strong></span> <span class='ocrx_word' id='word_1_201' title='bbox 466 2321 642 2389; x_wconf 79' lang='grc' dir='ltr'><em>Διοτρεφέων</em></span> <span class='ocrx_word' id='word_1_202' title='bbox 661 2319 809 2389; x_wconf 80' lang='grc' dir='ltr'><em>βασιλήων.</em></span> <span class='ocrx_word' id='word_1_203' title='bbox 839 2317 892 2372; x_wconf 89' lang='lat' dir='ltr'><strong>Ubi</strong></span> <span class='ocrx_word' id='word_1_204' title='bbox 902 2334 1028 2372; x_wconf 91' lang='lat' dir='ltr'><strong>numerus</strong></span> <span class='ocrx_word' id='word_1_205' title='bbox 1040 2333 1099 2371; x_wconf 89' lang='lat' dir='ltr'><strong>sen·</strong></span> 
     </span>
     <span class='ocr_line' id='line_1_26' title="bbox 100 2385 1101 2455; baseline -0.007 -12"><span class='ocrx_word' id='word_1_206' title='bbox 100 2387 205 2443; x_wconf 88' lang='lat' dir='ltr'><strong>tentiae</strong></span> <span class='ocrx_word' id='word_1_207' title='bbox 232 2401 314 2441; x_wconf 87' lang='lat' dir='ltr'><strong>causa</strong></span> <span class='ocrx_word' id='word_1_208' title='bbox 337 2387 529 2455; x_wconf 87' lang='lat' dir='ltr'><strong>aphilosopho</strong></span> <span class='ocrx_word' id='word_1_209' title='bbox 556 2394 664 2454; x_wconf 87' lang='lat' dir='ltr'><strong>poterat</strong></span> <span class='ocrx_word' id='word_1_210' title='bbox 681 2393 801 2441; x_wconf 89' lang='lat' dir='ltr'><strong>mutatus</strong></span> <span class='ocrx_word' id='word_1_211' title='bbox 818 2385 911 2440; x_wconf 87' lang='lat' dir='ltr'><strong>videri.</strong></span> <span class='ocrx_word' id='word_1_212' title='bbox 946 2385 1000 2440; x_wconf 83' lang='lat' dir='ltr'><strong>Sed</strong></span> <span class='ocrx_word' id='word_1_213' title='bbox 1022 2386 1101 2439; x_wconf 88' lang='lat' dir='ltr'><strong>eccel</strong></span> 
     </span>
     <span class='ocr_line' id='line_1_27' title="bbox 102 2453 1206 2535; baseline -0.007 -23"><span class='ocrx_word' id='word_1_214' title='bbox 102 2455 216 2512; x_wconf 87' lang='lat' dir='ltr'><strong>eandem</strong></span> <span class='ocrx_word' id='word_1_215' title='bbox 240 2455 400 2535; x_wconf 85' lang='lat' dir='ltr'><strong>scripturam</strong></span> <span class='ocrx_word' id='word_1_216' title='bbox 426 2471 498 2509; x_wconf 91' lang='lat' dir='ltr'><strong>nunc</strong></span> <span class='ocrx_word' id='word_1_217' title='bbox 521 2470 555 2508; x_wconf 85' lang='lat' dir='ltr'><strong>ex</strong></span> <span class='ocrx_word' id='word_1_218' title='bbox 573 2455 685 2509; x_wconf 85' lang='lat' dir='ltr'><strong>Scholiis</strong></span> <span class='ocrx_word' id='word_1_219' title='bbox 709 2454 834 2509; x_wconf 86' lang='lat' dir='ltr'><strong>discimus</strong></span> <span class='ocrx_word' id='word_1_220' title='bbox 852 2453 984 2508; x_wconf 90' lang='lat' dir='ltr'><strong>Zenodoti</strong></span> <span class='ocrx_word' id='word_1_221' title='bbox 1007 2453 1098 2508; x_wconf 73' lang='lat' dir='ltr'><strong>finisse.</strong></span> <span class='ocrx_word' id='word_1_222' title='bbox 1196 2506 1206 2524; x_wconf 60' lang='grc'><em>,</em></span> 
     </span>
     <span class='ocr_line' id='line_1_28' title="bbox 101 2521 1102 2644; baseline -0.003 -67"><span class='ocrx_word' id='word_1_223' title='bbox 101 2523 193 2592; x_wconf 77' lang='lat' dir='ltr'><strong>Magis</strong></span> <span class='ocrx_word' id='word_1_224' title='bbox 209 2522 327 2577; x_wconf 86' lang='lat' dir='ltr'><strong>notabrle</strong></span> <span class='ocrx_word' id='word_1_225' title='bbox 345 2523 398 2577; x_wconf 90' lang='lat' dir='ltr'><strong>hoe</strong></span> <span class='ocrx_word' id='word_1_226' title='bbox 415 2530 464 2591; x_wconf 86' lang='lat' dir='ltr'><strong>est,</strong></span> <span class='ocrx_word' id='word_1_227' title='bbox 483 2522 632 2591; x_wconf 89' lang='lat' dir='ltr'><strong>quodidem</strong></span> <span class='ocrx_word' id='word_1_228' title='bbox 646 2523 749 2577; x_wconf 89' lang='lat' dir='ltr'><strong>duobus</strong></span> <span class='ocrx_word' id='word_1_229' title='bbox 762 2529 809 2576; x_wconf 92' lang='lat' dir='ltr'><strong>aut</strong></span> <span class='ocrx_word' id='word_1_230' title='bbox 816 2521 941 2644; x_wconf 51' lang='lat' dir='ltr'><strong>limbus</strong></span> <span class='ocrx_word' id='word_1_231' title='bbox 951 2537 1011 2589; x_wconf 78' lang='lat' dir='ltr'><strong>vsa,</strong></span> <span class='ocrx_word' id='word_1_232' title='bbox 1029 2528 1102 2575; x_wconf 89' lang='lat' dir='ltr'><strong>certe</strong></span> 
     </span>
     <span class='ocr_line' id='line_1_29' title="bbox 100 2590 1099 2659; baseline -0.004 -13"><span class='ocrx_word' id='word_1_233' title='bbox 100 2593 209 2659; x_wconf 79' lang='grc' dir='ltr'><strong>β.144.</strong></span> <span class='ocrx_word' id='word_1_234' title='bbox 233 2590 252 2649; x_wconf 75' lang='grc' dir='ltr'><em>ξ</em></span> <span class='ocrx_word' id='word_1_235' title='bbox 274 2595 348 2658; x_wconf 73' lang='lat'><strong>499,</strong></span> <span class='ocrx_word' id='word_1_236' title='bbox 375 2590 532 2645; x_wconf 85' lang='lat' dir='ltr'><strong>vocabulum</strong></span> <span class='ocrx_word' id='word_1_237' title='bbox 558 2590 702 2645; x_wconf 88' lang='lat' dir='ltr'><strong>absurdum</strong></span> <span class='ocrx_word' id='word_1_238' title='bbox 731 2597 758 2644; x_wconf 90' lang='lat' dir='ltr'><strong>et</strong></span> <span class='ocrx_word' id='word_1_239' title='bbox 781 2590 858 2645; x_wconf 88' lang='lat' dir='ltr'><strong>nois</strong></span> <span class='ocrx_word' id='word_1_240' title='bbox 881 2590 961 2657; x_wconf 90' lang='lat' dir='ltr'><strong>plane</strong></span> <span class='ocrx_word' id='word_1_241' title='bbox 979 2590 1099 2658; x_wconf 81' lang='lat' dir='ltr'><strong>ignotum</strong></span> 
     </span>
     <span class='ocr_line' id='line_1_30' title="bbox 101 2656 1100 2742; baseline -0.005 -28"><span class='ocrx_word' id='word_1_242' title='bbox 101 2659 209 2714; x_wconf 72' lang='lat' dir='ltr'><strong>deffiese</strong></span> <span class='ocrx_word' id='word_1_243' title='bbox 226 2659 357 2723; x_wconf 79' lang='lat' dir='ltr'><strong>traditur,</strong></span> <span class='ocrx_word' id='word_1_244' title='bbox 384 2660 422 2728; x_wconf 81' lang='grc' dir='ltr'><strong>φή</strong></span> <span class='ocrx_word' id='word_1_245' title='bbox 445 2675 495 2742; x_wconf 77' lang='lat' dir='ltr'><strong>pro</strong></span> <span class='ocrx_word' id='word_1_246' title='bbox 513 2659 557 2718; x_wconf 79' lang='grc' dir='ltr'><strong>ὡς.</strong></span> <span class='ocrx_word' id='word_1_247' title='bbox 593 2656 633 2730; x_wconf 67' lang='lat' dir='ltr'><strong>dli)</strong></span> <span class='ocrx_word' id='word_1_248' title='bbox 658 2659 765 2722; x_wconf 82' lang='grc' dir='ltr'><em>κύματα</em></span> <span class='ocrx_word' id='word_1_249' title='bbox 787 2659 879 2728; x_wconf 82' lang='grc' dir='ltr'><em>μακρὰ</em></span> <span class='ocrx_word' id='word_1_250' title='bbox 900 2658 1055 2727; x_wconf 66' lang='grc' dir='ltr'><em>θαλάσσης,</em></span> <span class='ocrx_word' id='word_1_251' title='bbox 1074 2656 1100 2708; x_wconf 86' lang='lat'><strong>‘0</strong></span> 
     </span>
     <span class='ocr_line' id='line_1_31' title="bbox 101 2725 1099 2799; baseline -0.006 -17"><span class='ocrx_word' id='word_1_252' title='bbox 101 2729 135 2782; x_wconf 79' lang='grc' dir='ltr'><strong>δὲ</strong></span> <span class='ocrx_word' id='word_1_253' title='bbox 153 2729 193 2799; x_wconf 82' lang='grc' dir='ltr'><strong>φὴ</strong></span> <span class='ocrx_word' id='word_1_254' title='bbox 210 2727 324 2780; x_wconf 82' lang='grc' dir='ltr'><em>κώδειαν</em></span> <span class='ocrx_word' id='word_1_255' title='bbox 343 2728 480 2798; x_wconf 64' lang='lat' dir='ltr'><strong>deaque.</strong></span> <span class='ocrx_word' id='word_1_256' title='bbox 515 2726 569 2781; x_wconf 85' lang='lat' dir='ltr'><strong>Sed</strong></span> <span class='ocrx_word' id='word_1_257' title='bbox 592 2728 670 2781; x_wconf 92' lang='lat' dir='ltr'><strong>istius</strong></span> <span class='ocrx_word' id='word_1_258' title='bbox 691 2727 804 2780; x_wconf 86' lang='lat' dir='ltr'><strong>monstri</strong></span> <span class='ocrx_word' id='word_1_259' title='bbox 828 2742 892 2780; x_wconf 86' lang='lat' dir='ltr'><strong>usus</strong></span> <span class='ocrx_word' id='word_1_260' title='bbox 917 2742 951 2778; x_wconf 84' lang='lat' dir='ltr'><strong>ex</strong></span> <span class='ocrx_word' id='word_1_261' title='bbox 968 2728 1024 2786; x_wconf 84' lang='grc' dir='ltr'><strong><em>τοῖς</em></strong></span> <span class='ocrx_word' id='word_1_262' title='bbox 1039 2725 1099 2788; x_wconf 82' lang='grc' dir='ltr'>μετ’</span> 
     </span>
     <span class='ocr_line' id='line_1_32' title="bbox 94 2793 1102 2867; baseline -0.004 -18"><span class='ocrx_word' id='word_1_263' title='bbox 94 2794 227 2867; x_wconf 72' lang='grc' dir='ltr'><em>Ὅμηρον,</em></span> <span class='ocrx_word' id='word_1_264' title='bbox 250 2795 407 2849; x_wconf 88' lang='lat' dir='ltr'><strong>nominatim</strong></span> <span class='ocrx_word' id='word_1_265' title='bbox 429 2795 589 2849; x_wconf 83' lang='lat' dir='ltr'><strong>Antimacho</strong></span> <span class='ocrx_word' id='word_1_266' title='bbox 618 2802 646 2848; x_wconf 92' lang='lat' dir='ltr'><strong>et</strong></span> <span class='ocrx_word' id='word_1_267' title='bbox 664 2794 834 2862; x_wconf 84' lang='lat' dir='ltr'><strong>Callimacho,</strong></span> <span class='ocrx_word' id='word_1_268' title='bbox 858 2794 1057 2848; x_wconf 89' lang='lat' dir='ltr'><strong>demonstratur</strong></span> <span class='ocrx_word' id='word_1_269' title='bbox 1074 2793 1102 2845; x_wconf 95' lang='lat' dir='ltr'><strong>in</strong></span> 
     </span>
     <span class='ocr_line' id='line_1_33' title="bbox 101 2856 1102 2930; baseline -0.005 -11"><span class='ocrx_word' id='word_1_270' title='bbox 101 2863 224 2919; x_wconf 85' lang='lat' dir='ltr'><strong>Scholiis.</strong></span> <span class='ocrx_word' id='word_1_271' title='bbox 259 2861 332 2916; x_wconf 85' lang='lat' dir='ltr'><strong>Num</strong></span> <span class='ocrx_word' id='word_1_272' title='bbox 349 2860 377 2915; x_wconf 91' lang='lat' dir='ltr'><strong>id</strong></span> <span class='ocrx_word' id='word_1_273' title='bbox 395 2877 458 2930; x_wconf 80' lang='lat' dir='ltr'><strong>ergo</strong></span> <span class='ocrx_word' id='word_1_274' title='bbox 476 2862 647 2916; x_wconf 90' lang='lat' dir='ltr'><strong>Zenodoteae</strong></span> <span class='ocrx_word' id='word_1_275' title='bbox 666 2867 789 2917; x_wconf 89' lang='lat' dir='ltr'><strong>monetae</strong></span> <span class='ocrx_word' id='word_1_276' title='bbox 806 2861 960 2929; x_wconf 80' lang='lat' dir='ltr'><strong>putabimus</strong></span> <span class='ocrx_word' id='word_1_277' title='bbox 967 2856 985 2914; x_wconf 59' lang='lat' dir='ltr'><strong>i*</strong></span> <span class='ocrx_word' id='word_1_278' title='bbox 1004 2862 1047 2915; x_wconf 89' lang='lat' dir='ltr'><strong>Ita</strong></span> <span class='ocrx_word' id='word_1_279' title='bbox 1069 2859 1102 2914; x_wconf 89' lang='lat' dir='ltr'><strong>de</strong></span> 
     </span>
     <span class='ocr_line' id='line_1_34' title="bbox 100 2929 1102 2999; baseline -0.004 -13"><span class='ocrx_word' id='word_1_280' title='bbox 100 2946 156 2986; x_wconf 81' lang='lat' dir='ltr'><strong>vas.</strong></span> <span class='ocrx_word' id='word_1_281' title='bbox 174 2929 208 2985; x_wconf 87' lang='lat' dir='ltr'><strong>ab</strong></span> <span class='ocrx_word' id='word_1_282' title='bbox 226 2944 258 2984; x_wconf 93' lang='lat' dir='ltr'><strong>co</strong></span> <span class='ocrx_word' id='word_1_283' title='bbox 276 2931 385 2985; x_wconf 88' lang='lat' dir='ltr'><strong>reiectis</strong></span> <span class='ocrx_word' id='word_1_284' title='bbox 403 2931 484 2984; x_wconf 91' lang='lat' dir='ltr'><strong>semel</strong></span> <span class='ocrx_word' id='word_1_285' title='bbox 502 2936 619 2999; x_wconf 88' lang='lat' dir='ltr'><strong>notatur,</strong></span> <span class='ocrx_word' id='word_1_286' title='bbox 660 2934 735 2984; x_wconf 82' lang='grc'><strong>134.</strong></span> <span class='ocrx_word' id='word_1_287' title='bbox 754 2937 782 2983; x_wconf 92' lang='lat' dir='ltr'><strong>et</strong></span> <span class='ocrx_word' id='word_1_288' title='bbox 793 2929 930 2997; x_wconf 86' lang='lat' dir='ltr'><strong>proximos</strong></span> <span class='ocrx_word' id='word_1_289' title='bbox 942 2929 1009 2983; x_wconf 91' lang='lat' dir='ltr'><strong>duos</strong></span> <span class='ocrx_word' id='word_1_290' title='bbox 1022 2929 1102 2982; x_wconf 88' lang='lat' dir='ltr'><strong>etiam</strong></span> 
     </span>
     <span class='ocr_line' id='line_1_35' title="bbox 100 2950 1101 3066; baseline -0.006 -11"><span class='ocrx_word' id='word_1_291' title='bbox 100 3016 120 3055; x_wconf 83' lang='lat' dir='ltr'><strong>a</strong></span> <span class='ocrx_word' id='word_1_292' title='bbox 137 2999 264 3054; x_wconf 73' lang='lat' dir='ltr'><strong>Chiorum</strong></span> <span class='ocrx_word' id='word_1_293' title='bbox 282 2998 405 3066; x_wconf 85' lang='lat' dir='ltr'><strong>exemplo</strong></span> <span class='ocrx_word' id='word_1_294' title='bbox 423 2998 548 3053; x_wconf 82' lang='lat' dir='ltr'><strong>abluisse.</strong></span> <span class='ocrx_word' id='word_1_295' title='bbox 583 2950 691 3053; x_wconf 64' lang='lat' dir='ltr'><strong>Adddre</strong></span> <span class='ocrx_word' id='word_1_296' title='bbox 707 2998 750 3051; x_wconf 85' lang='lat' dir='ltr'><strong>his</strong></span> <span class='ocrx_word' id='word_1_297' title='bbox 768 2997 860 3066; x_wconf 87' lang='lat' dir='ltr'><strong>multa,</strong></span> <span class='ocrx_word' id='word_1_298' title='bbox 879 2997 1033 3053; x_wconf 86' lang='lat' dir='ltr'><strong>facillimum</strong></span> <span class='ocrx_word' id='word_1_299' title='bbox 1054 3004 1101 3049; x_wconf 88' lang='lat' dir='ltr'><strong>est.</strong></span> 
     </span>
     <span class='ocr_line' id='line_1_36' title="bbox 101 3064 1101 3146; baseline -0.008 -23"><span class='ocrx_word' id='word_1_300' title='bbox 101 3069 134 3123; x_wconf 70' lang='lat' dir='ltr'><strong>,t</strong></span> <span class='ocrx_word' id='word_1_301' title='bbox 152 3069 211 3122; x_wconf 80' lang='lat'><strong>216.</strong></span> <span class='ocrx_word' id='word_1_302' title='bbox 231 3066 387 3146; x_wconf 72' lang='lat' dir='ltr'><strong>opwirapov</strong></span> <span class='ocrx_word' id='word_1_303' title='bbox 406 3067 434 3119; x_wconf 92' lang='lat' dir='ltr'><strong>in</strong></span> <span class='ocrx_word' id='word_1_304' title='bbox 452 3065 569 3120; x_wconf 89' lang='lat' dir='ltr'><strong>secunda</strong></span> <span class='ocrx_word' id='word_1_305' title='bbox 580 3082 696 3134; x_wconf 89' lang='lat' dir='ltr'><strong>persona</strong></span> <span class='ocrx_word' id='word_1_306' title='bbox 711 3065 852 3134; x_wconf 79' lang='lat' dir='ltr'><strong>singularis</strong></span> <span class='ocrx_word' id='word_1_307' title='bbox 864 3066 967 3119; x_wconf 91' lang='lat' dir='ltr'><strong>numeri</strong></span> <span class='ocrx_word' id='word_1_308' title='bbox 980 3064 1101 3118; x_wconf 86' lang='lat' dir='ltr'><strong>adhibuit</strong></span> 
     </span>
     <span class='ocr_line' id='line_1_37' title="bbox 99 3133 1101 3203; baseline -0.009 -12"><span class='ocrx_word' id='word_1_309' title='bbox 99 3137 133 3191; x_wconf 89' lang='lat' dir='ltr'><strong>Z.</strong></span> <span class='ocrx_word' id='word_1_310' title='bbox 167 3134 407 3201; x_wconf 81' lang='lat' dir='ltr'><strong>lniraridebrmus,</strong></span> <span class='ocrx_word' id='word_1_311' title='bbox 425 3134 453 3188; x_wconf 93' lang='lat' dir='ltr'><strong>id</strong></span> <span class='ocrx_word' id='word_1_312' title='bbox 465 3140 492 3188; x_wconf 93' lang='lat' dir='ltr'><strong>et</strong></span> <span class='ocrx_word' id='word_1_313' title='bbox 504 3133 563 3188; x_wconf 90' lang='lat' dir='ltr'><strong>aliis</strong></span> <span class='ocrx_word' id='word_1_314' title='bbox 574 3134 662 3203; x_wconf 81' lang='lat' dir='ltr'><strong>poetis</strong></span> <span class='ocrx_word' id='word_1_315' title='bbox 674 3133 864 3188; x_wconf 79' lang='lat' dir='ltr'><strong>Alexandrinis</strong></span> <span class='ocrx_word' id='word_1_316' title='bbox 875 3133 1016 3201; x_wconf 85' lang='lat' dir='ltr'><strong>placuisse,</strong></span> <span class='ocrx_word' id='word_1_317' title='bbox 1035 3145 1101 3200; x_wconf 90' lang='lat' dir='ltr'><strong>quos</strong></span> 
     </span>
     <span class='ocr_line' id='line_1_38' title="bbox 99 3199 1100 3291; baseline -0.011 -32"><span class='ocrx_word' id='word_1_318' title='bbox 99 3218 182 3285; x_wconf 73' lang='lat' dir='ltr'><strong>neme</strong></span> <span class='ocrx_word' id='word_1_319' title='bbox 200 3201 299 3282; x_wconf 81' lang='lat' dir='ltr'><strong>dixerit</strong></span> <span class='ocrx_word' id='word_1_320' title='bbox 309 3202 359 3291; x_wconf 33' lang='lat' dir='ltr'><strong>&#39;ab‘</strong></span> <span class='ocrx_word' id='word_1_321' title='bbox 369 3218 422 3256; x_wconf 93' lang='lat' dir='ltr'><strong>uno</strong></span> <span class='ocrx_word' id='word_1_322' title='bbox 440 3204 470 3256; x_wconf 90' lang='lat' dir='ltr'><strong>Z.</strong></span> <span class='ocrx_word' id='word_1_323' title='bbox 485 3202 626 3282; x_wconf 68' lang='lat' dir='ltr'><strong>deceptos</strong></span> <span class='ocrx_word' id='word_1_324' title='bbox 643 3199 672 3256; x_wconf 80' lang='grc' dir='ltr'><strong>Ξ.</strong></span> <span class='ocrx_word' id='word_1_325' title='bbox 691 3205 750 3255; x_wconf 82' lang='grc'><strong>442.</strong></span> <span class='ocrx_word' id='word_1_326' title='bbox 787 3200 873 3281; x_wconf 67' lang='grc' dir='ltr'><em>Ὀϊλῆα</em></span> <span class='ocrx_word' id='word_1_327' title='bbox 891 3200 960 3254; x_wconf 87' lang='lat' dir='ltr'><strong>male</strong></span> <span class='ocrx_word' id='word_1_328' title='bbox 977 3201 1100 3263; x_wconf 78' lang='lat' dir='ltr'><strong>mutavit,</strong></span> 
     </span>
     <span class='ocr_line' id='line_1_39' title="bbox 70 3266 1100 3402; baseline -0.009 -7"><span class='ocrx_word' id='word_1_329' title='bbox 70 3317 76 3324; x_wconf 90' lang='grc'>·</span> <span class='ocrx_word' id='word_1_330' title='bbox 99 3268 387 3395; x_wconf 62' lang='lat' dir='ltr'><strong>hlltlohlt:</strong></span> <span class='ocrx_word' id='word_1_331' title='bbox 402 3266 1100 3402; x_wconf 52' lang='lat' dir='ltr'><strong>blithildelattttltlultbltlt:</strong></span> 
     </span>
     <span class='ocr_line' id='line_1_40' title="bbox 99 3403 1099 3475; baseline -0.01 -12"><span class='ocrx_word' id='word_1_332' title='bbox 99 3415 165 3475; x_wconf 81' lang='lat' dir='ltr'><strong>ton,</strong></span> <span class='ocrx_word' id='word_1_333' title='bbox 190 3406 226 3461; x_wconf 83' lang='lat' dir='ltr'><strong>ab</strong></span> <span class='ocrx_word' id='word_1_334' title='bbox 243 3407 361 3462; x_wconf 89' lang='lat' dir='ltr'><strong>Homero</strong></span> <span class='ocrx_word' id='word_1_335' title='bbox 378 3406 505 3461; x_wconf 84' lang='lat' dir='ltr'><strong>Barbarie</strong></span> <span class='ocrx_word' id='word_1_336' title='bbox 528 3405 608 3460; x_wconf 93' lang='lat' dir='ltr'><strong>modo</strong></span> <span class='ocrx_word' id='word_1_337' title='bbox 632 3406 690 3460; x_wconf 88' lang='lat' dir='ltr'><strong>dari</strong></span> <span class='ocrx_word' id='word_1_338' title='bbox 708 3404 822 3459; x_wconf 90' lang='lat' dir='ltr'><strong>solitum.</strong></span> <span class='ocrx_word' id='word_1_339' title='bbox 857 3404 895 3456; x_wconf 90' lang='lat' dir='ltr'><strong>At</strong></span> <span class='ocrx_word' id='word_1_340' title='bbox 912 3403 1099 3457; x_wconf 87' lang='lat' dir='ltr'><strong>auctoritatem</strong></span> 
     </span>
     <span class='ocr_line' id='line_1_41' title="bbox 101 3473 1099 3542; baseline -0.011 -10"><span class='ocrx_word' id='word_1_341' title='bbox 101 3474 213 3532; x_wconf 88' lang='lat' dir='ltr'><strong>lectioni</strong></span> <span class='ocrx_word' id='word_1_342' title='bbox 240 3474 365 3530; x_wconf 86' lang='lat' dir='ltr'><strong>conciliat</strong></span> <span class='ocrx_word' id='word_1_343' title='bbox 381 3474 513 3529; x_wconf 86' lang='lat' dir='ltr'><strong>Pindarus</strong></span> <span class='ocrx_word' id='word_1_344' title='bbox 530 3473 608 3542; x_wconf 86' lang='lat' dir='ltr'><strong>Pyth.</strong></span> <span class='ocrx_word' id='word_1_345' title='bbox 627 3474 654 3542; x_wconf 91' lang='lat'><strong>1,</strong></span> <span class='ocrx_word' id='word_1_346' title='bbox 676 3477 737 3541; x_wconf 56' lang='lat'><strong>23„</strong></span> <span class='ocrx_word' id='word_1_347' title='bbox 764 3488 845 3540; x_wconf 84' lang='lat' dir='ltr'><strong>quum</strong></span> <span class='ocrx_word' id='word_1_348' title='bbox 868 3475 989 3524; x_wconf 89' lang='lat' dir='ltr'><strong>veterum</strong></span> <span class='ocrx_word' id='word_1_349' title='bbox 1013 3485 1099 3523; x_wconf 87' lang='lat' dir='ltr'><strong>exem·</strong></span> 
     </span>
    </p>
   </div>
   <div class='ocr_carea' id='block_1_9' title="bbox 0 0 1246 3960">
    <p class='ocr_par' dir='ltr' id='par_1_11' title="bbox 0 0 1246 3960">
     <span class='ocr_line' id='line_1_42' title="bbox 0 0 1246 3960; baseline 0 2"><span class='ocrx_word' id='word_1_350' title='bbox 0 0 1246 3960; x_wconf 95' lang='lat' dir='ltr'><strong> </strong></span> 
     </span>
    </p>
   </div>
  </div>
 </body>
</html>
