2482 3960
505 312 749 365 -51--γ

100 460 260 519 Permirum
282 465 340 532 est,
364 460 493 530 inquam,
521 475 583 531 eos,
609 460 659 530 qui
684 460 756 517 ahos
775 464 856 518 tanto
877 460 973 519 studio
993 475 1094 519 novam
1108 470 1133 508 ⁸⁴

101 553 184 595 suam
208 537 380 610 sapientiam
404 536 520 593 illinunt
545 535 685 605 Homero,
718 553 792 594 nunc
817 543 938 608 repente
964 542 1024 595 tam
1051 538 1095 594 sui

98 614 254 678 dissimiles
275 611 401 686 prodire.
434 612 548 684 Quippe
569 613 643 670 talea
662 612 800 670 habemus
821 619 851 670 et
870 619 1002 672 auctores
1023 615 1096 672 anti-

99 690 303 762 quissimorum
324 688 513 759 scholiorum,
540 694 570 746 et
594 689 688 761 ipsum
712 690 911 762 Eustachium,
937 691 1095 762 exquibus

101 773 274 837 ceterorum,
295 767 395 824 sinon
415 763 591 837 omniumfl),
618 770 649 823 at
669 771 747 824 certe
767 767 953 839 plurimorum
974 773 1003 824 et
1022 767 1096 840 opti·
1110 777 1133 815 8⁵

98 859 211 902 morum
230 843 325 914 Intpp.
345 842 413 900 olim
432 857 586 899 consensus
607 843 737 913 emergit.

183 920 275 990 Quam
295 918 425 989 obrem,
451 924 484 975 ut
506 919 645 990 pleraque
669 920 699 975 in
718 918 773 976 hoc
792 919 856 977 loco
876 920 1010 991 ambigua
1029 922 1095 992 sint,

104 996 197 1054 videri
224 1001 320 1053 tamen
345 997 434 1066 queat
457 995 486 1051 in
511 1011 545 1053 eo
570 996 663 1053 latere
683 995 807 1067 aliquid,
833 996 909 1066 quod
934 997 1096 1068 neglectum

100 1072 197 1131 adhuc
217 1072 253 1129 ab
275 1071 404 1141 eruditis,
425 1072 573 1143 impulerit
594 1076 708 1128 veteres
727 1072 791 1130 illos
806 1077 892 1143 atque
906 1074 1045 1143 coegerit,
1064 1079 1097 1130 ut

101 1150 144 1207 ibi
170 1164 285 1220 quoque
306 1154 389 1207 notas
416 1164 468 1206 seu
488 1149 572 1219 signa
592 1148 734 1218 quaedam
753 1148 899 1220 viderent,
925 1165 982 1208 non
1001 1165 1098 1207 veram

99 1227 273 1297 scripturam
301 1225 471 1282 litterarum.
511 1225 608 1296 Atque
629 1240 664 1281 ex
683 1224 737 1283 hoa
758 1240 863 1296 genere
884 1231 929 1282 est
947 1226 977 1282 in
996 1226 1096 1298 primis

103 1303 222 1361 verbnm
236 1299 334 1372 δεῖξαι,
349 1302 429 1358 cuius
443 1317 478 1359 ea
488 1307 534 1359 est
546 1302 598 1373 vis,
612 1307 645 1358 ut
657 1302 703 1358 vel
717 1303 887 1359 acerrimum
900 1302 1098 1360 adversarium

99 1379 246 1437 sententia
264 1395 318 1436 sua
337 1377 462 1436 deiiciat.
495 1378 570 1435 Nam
590 1378 615 1434 si
635 1377 671 1434 de
691 1379 804 1451 perlato
819 1384 848 1437 et
861 1379 975 1438 reddito
990 1381 1097 1452 scripto

101 1456 269 1526 loqueretur
287 1454 439 1522 Homerus
461 1459 512 1512 aut
532 1454 664 1524 equidem
684 1456 746 1512 eius
766 1456 975 1527 proprietatem
990 1463 1019 1514 et
1032 1473 1098 1515 con-

104 1531 287 1589 suetudinem
311 1530 448 1601 loquendi
471 1531 586 1602 penitus
613 1532 724 1602 nescio,
751 1537 802 1589 aut
827 1548 891 1589 eum
916 1533 973 1591 alio
998 1533 1097 1605 quovis

102 1624 189 1680 quam
213 1607 262 1665 illo
286 1607 374 1666 verbo
398 1623 516 1664 usurum
536 1604 624 1664 fuisse
645 1607 794 1665 contendo.
834 1609 936 1680 Neque
957 1625 1025 1668 vero
1044 1610 1098 1667 hoc

105 1689 218 1742 tantum
232 1684 383 1755 contendo,
404 1684 457 1741 sed
469 1699 543 1754 nego
557 1688 719 1755 praeterea,
733 1700 894 1756 quenquam
907 1691 1032 1758 poetam,
1045 1702 1099 1743 nec

104 1761 249 1820 Graecum
268 1776 322 1817 nec
340 1760 485 1832 Latinum,
511 1776 547 1817 ne
568 1761 792 1818 amantissimum
813 1762 928 1832 quidem
947 1762 1100 1820 audacium

108 1837 323 1908 vocabulorum,
343 1839 512 1892 monstrandi
530 1852 582 1894 seu
601 1840 755 1899 ootmdeadi
772 1839 890 1896 verbum
910 1840 1042 1911 posuisse
1063 1839 1099 1896 de

103 1914 228 1987 epistola
242 1913 406 1971 reddenda.
426 1913 523 1970 Minus
542 1929 588 1970 me
606 1912 765 1972 offenderet
778 1915 854 1991 σῆμα
868 1913 980 1972 ἰδέσθαι
993 1934 1018 1973 v.
1035 1917 1098 1974 rto.

105 1992 137 2048 in
158 1991 282 2048 lectione
308 1991 419 2063 scripti,
439 1991 494 2048 etsi
513 2006 566 2046 nec
584 1990 639 2049 hoc
658 1991 729 2047 satis
749 1991 933 2049 Homericum
953 1998 1098 2064 putarem:

104 2083 181 2125 nunc
200 2073 353 2137 utrumqne
374 2066 502 2124 eiusdem
516 2067 629 2138 generis
644 2082 707 2124 esse
721 2073 853 2138 apparet.
885 2067 1004 2125 Addere
1016 2070 1101 2141 plura

100 2143 212 2203 taedet.
230 2143 326 2202 Unum
339 2159 491 2215 quaeram:
510 2148 682 2213 torquerene
695 2143 790 2214 potius
802 2148 832 2200 et
841 2150 1008 2215 pervertere
1019 2144 1102 2202 dece·
1116 2173 1139 2211 8⁶
1202 2175 1205 2180 ,

103 2357 238 2430 ρέξεσται
268 2357 383 2426 ὕστερον
411 2357 461 2418 τὸ,
488 2354 711 2477 Βελλεροφόντῖς
738 2357 800 2409 zdc’
827 2357 928 2410 ἑαυτοῦ
952 2342 1101 2427 γράμμααα

104 2447 128 2480 κ.
146 2445 169 2479 τ.
189 2427 211 2477 λ.
247 2425 322 2479 Conf.
353 2425 387 2479 ad
413 2423 507 2504 Odyss
537 2440 563 2491 p.
584 2428 657 2478 1926.
697 2430 762 2480 .49.
789 2431 909 2492 p.1959.
937 2425 954 2478 l.
972 2429 1013 2482 57.
1050 2428 1101 2493 Qui

105 2494 183 2549 novit
198 2492 380 2560 Eustathium,
398 2498 488 2546 statrm
506 2492 589 2560 videt,
607 2492 704 2560 quibus
721 2493 876 2548 auctoribus
893 2496 945 2548 ista
957 2495 1046 2549 omnia
1056 2495 1101 2549 ad·

106 2561 250 2617 scribenda
268 2561 333 2629 sint;
351 2559 496 2629 laudatque
515 2561 572 2628 ipse
591 2576 653 2613 suos
668 2559 806 2622 liciatorio.
837 2563 933 2631 Itaque
952 2564 1102 2631 antiquissi-

106 2647 166 2684 mus
185 2628 272 2683 Schol.
291 2629 355 2683 Cod.
373 2633 406 2682 A.
424 2635 513 2696 notat,
535 2630 617 2680 videri
640 2629 684 2682 hic
702 2646 798 2684 vocum
816 2636 843 2682 et
860 2630 1002 2685 verborum
1021 2633 1102 2699 scrip·

106 2706 197 2752 turam
215 2695 368 2765 significari,
386 2696 434 2750 sed
451 2716 504 2749 non
520 2699 559 2748 ito
576 2715 637 2764 eoae,
654 2701 754 2768 σημεῖα
772 2712 830 2752 esse
843 2697 951 2764 εἴδωλα,
970 2700 1004 2750 οὐ
1015 2701 1101 2768 γράμ-

104 2771 187 2829 ματα.
225 2765 301 2818 Idem
324 2764 405 2818 etiam
429 2764 547 2818 breviter
570 2767 685 2819 servavit
702 2767 826 2833 Apollon.
844 2767 910 2819 Lex.
929 2784 953 2829 v,
970 2771 1102 2834 γραπτῦς.

103 2834 199 2900 Neque
217 2833 270 2887 alio
292 2833 410 2900 pertinet
431 2832 506 2886 locus
523 2832 602 2885 Plinii
620 2833 695 2901 XIII,
716 2838 755 2887 13.
772 2833 827 2899 ubi,
846 2849 927 2900 quum
946 2834 1102 2901 sumpsisset,

104 2903 273 2970 papillariom
291 2917 369 2954 usum
387 2902 468 2955 etiam
486 2906 548 2954 ante
561 2900 678 2954 Troiana
694 2907 817 2968 tempora
834 2901 948 2954 inveniri
965 2901 1038 2967 apud
1049 2902 1103 2954 Ho·
1186 2942 1190 2948 .

106 2986 221 3035 merum,
239 2968 321 3023 addit.
332 2968 535 3037 Bellerophonti
553 2969 680 3021 codicillos
697 2965 929 3036 (ifepaqillareo)
947 2968 1032 3036 datos,
1049 2985 1103 3022 non

104 3039 231 3104 epistolar.
262 3037 419 3105 Quanquam
437 3038 488 3090 hoc
506 3051 541 3089 cx
552 3037 670 3090 moribus
682 3036 808 3090 Romanis
818 3036 918 3090 dictum
931 3053 1026 3105 parum
1038 3037 1102 3090 utile

104 3105 184 3159 nobis
204 3112 275 3159 esset
292 3106 349 3158 sine
367 3105 487 3173 reliquiis
506 3104 745 3158 Grammaticorum
763 3105 934 3158 Graecorum.

193 3191 229 3259 4⁷)
266 3188 392 3244 Eustath.
411 3206 437 3257 p.
455 3193 514 3244 633.
532 3189 548 3242 l.
567 3195 591 3245 9.
630 3187 703 3249 Τινές
729 3208 810 3257 φασι,
839 3191 974 3242 δύνασθαι
998 3190 1032 3241 τὰ
1054 3191 1102 3252 μὲν

114 3259 266 3328 γράμματα
294 3259 415 3309 ἐνταῦθα
444 3259 553 3340 σήματα
577 3257 798 3327 φιλοσοφώτερον
820 3257 974 3310 καλεῖσθαι·
1004 3260 1103 3326 σημεῖα

133 3326 171 3395 dp
198 3329 296 3394 φωνῶν
320 3326 364 3376 καὶ
385 3343 527 3394 coquatur
552 3327 596 3377 καὶ
619 3327 787 3395 πραγμάτων
810 3327 863 3378 elci
887 3327 920 3377 τὰ
947 3326 1103 3395 γράμματα.

104 3343 150 3447 nix
167 3393 220 3447 illis
238 3393 305 3446 τισὶν
324 3399 365 3446 est
384 3393 471 3447 Schol.
489 3393 552 3448 Cod.
565 3395 605 3461 B,
623 3395 733 3463 σήματα
750 3394 886 3461 explicans
904 3392 1008 3460 vulgari
1024 3393 1103 3447 modo

144 3462 270 3527 άμμαται
289 3477 323 3515 ne
340 3460 513 3514 Plutarchum
525 3468 552 3515 et
564 3463 631 3516 alios
643 3462 786 3529 scriptores
798 3475 949 3528 memorem,
968 3461 1014 3529 qui
1025 3460 1103 3514 modo

133 3529 362 3598 ellerophonteam
380 3529 533 3598 ἐπιστολήν,
550 3529 629 3584 modo
645 3533 797 3600 γράμματα
814 3528 942 3598 garriunt.
985 3598 988 3602 Α

929 3624 954 3664 ,0
