2482 3960
528 301 563 310 -
593 274 704 328 141-

193 421 309 479 Dicitur
321 420 507 480 Aristarchus
528 422 650 495 amplius
660 421 762 480 DCCC
776 422 1002 481 Commentarios
1021 439 1116 495 gram·

114 499 236 557 maticos
251 504 281 555 et
294 498 409 556 criticos
423 499 637 571 conscripsisse,
652 515 695 571 ac,
709 499 734 556 si
749 499 867 558 Suidam
880 505 960 558 recte
973 500 1114 571 intelligo,

114 575 187 632 nihil
214 573 293 632 aliud
317 590 402 644 quam
430 573 694 643 Commentarios⁸l.
742 576 850 634 Verum
875 577 931 648 illi,
956 577 985 633 in
1011 577 1113 647 quibus

115 652 247 724 exemplo
259 651 456 723 praeceptoris
467 653 511 709 sui
520 652 831 723 praestantissimorum
842 658 993 725 poetarum
1005 659 1035 710 et
1044 653 1114 709 mul·
1127 658 1165 697 2³⁰

114 733 211 785 tarum
225 726 435 785 Grammatices
454 729 580 800 partium
602 729 821 800 explicationem
836 735 866 786 et
876 745 1026 786 censuram
1040 746 1115 788 com-

114 803 217 877 plexus
238 809 310 876 erat,
331 804 387 860 iam
407 803 514 861 dudum
534 804 576 861 ita
592 805 750 876 perierunt,
770 811 803 862 ut
816 821 852 863 ne
865 803 985 863 formam
999 805 1114 876 quidem

114 881 203 937 ullius
224 879 332 951 eorum,
352 896 445 951 neque
464 896 499 937 ex
509 880 580 952 ipsis
597 880 822 953 quaestionibus,
843 897 914 952 quas
928 887 1114 954 tractaverat,

115 963 147 1014 et
168 956 270 1028 quibus
292 957 473 1014 etiamnunc
493 973 597 1028 magna
616 974 685 1029 pars
704 957 888 1016 litteraturae
901 958 1012 1029 nititur,
1033 958 1115 1028 quid-

117 1048 204 1105 quam
224 1040 342 1104 praeter
362 1033 509 1104 dispersas
530 1033 670 1104 quasdam
683 1039 713 1090 et
725 1035 830 1091 misere
843 1034 986 1091 laceratas
1000 1040 1115 1092 senten-

112 1109 200 1168 tiolas
213 1109 340 1180 reliquas
354 1108 520 1167 habeamus.
559 1108 600 1167 Ut
614 1125 650 1166 ex
663 1110 697 1166 iis
711 1109 802 1180 libris,
829 1125 901 1180 quos
915 1109 1113 1168 defendendae

112 1186 266 1256 analogiae
287 1200 375 1243 causa
389 1192 488 1244 contra
503 1185 649 1244 Oratetem
664 1187 830 1258 scripserat,
850 1187 1007 1257 quantillae
1027 1186 1113 1245 hodie

112 1267 181 1319 sunt
200 1262 341 1333 reliquiae
348 1261 387 1333 9)1
419 1263 619 1320 illustraverat
637 1262 714 1319 idem
734 1262 945 1333 Archilochum,
965 1262 1112 1331 Alcaeum,

110 1338 333 1410 Anacreontem,
352 1338 534 1410 Aeschylum,
556 1338 734 1411 Sophoclem,
748 1338 856 1410 Ionem,
869 1339 1035 1411 Pindarum,
1048 1340 1113 1397 Ari-

111 1414 292 1487 stophanem,
312 1414 443 1487 Aratum,
471 1415 553 1472 alios.
593 1415 703 1474 Horum
722 1422 836 1487 partem
857 1432 920 1474 cum
940 1417 1010 1488 ipsis
1032 1415 1113 1474 (lom-

109 1491 262 1549 mentariis
282 1497 363 1549 aetas
377 1491 473 1549 Musis
496 1491 589 1549 invisa
609 1491 743 1561 abstulit3
765 1492 802 1549 ad
822 1492 920 1564 plures
935 1508 1042 1564 eorum,
1063 1493 1112 1564 qui

111 1573 236 1638 exstant,
256 1568 327 1625 nihil
337 1575 479 1640 superest,
502 1573 581 1625 certe
597 1567 673 1640 quod
688 1574 801 1627 constet
815 1569 891 1626 illius
906 1585 984 1640 esse3
1005 1568 1042 1626 ad
1055 1568 1112 1640 Ly-

110 1644 205 1701 ricum
226 1644 342 1715 quidem
357 1651 388 1702 et
402 1644 547 1704 Comicum
561 1645 680 1716 aliquid,
700 1644 753 1702 sed
765 1645 836 1702 nihil
850 1644 887 1703 ad
897 1644 937 1717 id,
957 1645 1034 1716 quod
1044 1646 1112 1704 olim

109 1717 216 1778 fuerat„
258 1719 354 1791 Quid?
385 1720 461 1792 quod
480 1723 659 1776 reccareiocem
683 1722 745 1778 eius
765 1723 939 1777 Homericam
959 1721 1112 1780 admodum

108 1810 205 1869 nuper
223 1801 283 1855 tam
295 1813 399 1869 parum
418 1813 562 1869 notumne,
582 1802 625 1869 ut,
645 1804 786 1868 quatenus
800 1797 873 1856 haec
885 1799 1004 1869 vulgata
1012 1803 1113 1857 nostra

109 1872 149 1930 ad
171 1887 234 1930 eam
254 1872 423 1946 accederet,
449 1874 555 1932 auris
576 1874 668 1932 doctis
688 1872 798 1932 frustra
818 1880 1016 1946 quaereretur.
1057 1874 1110 1933 Oui

108 1949 274 2020 quaestioni
294 1950 350 2007 etsi
369 1966 406 2008 ne
425 1967 501 2008 nunc
520 1950 636 2022 quidem
656 1949 792 2008 satisfieri
812 1967 830 2009 a
849 1951 930 2009 nobis
942 1956 1049 2023 potest,
1069 1956 1112 2008 ta·
1125 1963 1163 2002 aar

106 2040 176 2083 men
185 2025 361 2084 Venetorum
372 2026 550 2085 scholiorum
568 2025 707 2085 beneficio
724 2032 769 2085 tot
783 2032 940 2097 tantaeque
950 2027 1111 2085 Aristarchi

107 2101 214 2175 copiae
226 2106 393 2176 patuerunt,
413 2108 446 2160 ut
458 2103 483 2161 is
494 2119 568 2160 unus
579 2103 662 2162 nobis
672 2104 737 2176 plus
750 2103 846 2175 operis
856 2102 1006 2176 praebeat,
1027 2118 1112 2173 quam

105 2277 193 2332 larem
216 2279 328 2346 gloriam
350 2279 521 2333 revocabant.
559 2277 634 2334 Ocni
651 2278 754 2331 Mureti
771 2276 834 2332 Ver.
852 2278 939 2332 Lectt.
958 2276 1005 2345 Vl,
1024 2281 1047 2330 1.
1065 2276 1112 2331 ubi

106 2360 179 2415 quae
198 2346 231 2400 de
248 2347 419 2416 philosophia
436 2346 570 2415 dicuntur,
587 2346 671 2401 multo
690 2346 772 2399 etiam
783 2346 889 2401 veriora
900 2351 963 2400 sunt
975 2345 1009 2399 de
1021 2360 1111 2413 gram-

103 2412 212 2469 maticis
230 2415 333 2469 studiis.

155 2567 163 2582 ,
182 2499 206 2563 ⁸)
222 2499 292 2554 Nam
305 2499 515 2583 ambigua'snnt
532 2499 615 2553 verba
632 2498 731 2583 Suidae
749 2499 978 2622 ι’βρίσταρζοςε
996 2499 1112 2567 Λέγεται

103 2567 714 2689 ‘lttttstttttttlttltt‘t
723 2566 1112 2690 ttttttatlttttl

82 2702 87 2709 '
103 2652 137 2757 :uli
154 2702 210 2756 huc
221 2703 389 2770 potissimum
406 2651 687 2782 pertinergpitemta
700 2651 832 2773 leorphyr.
844 2705 872 2757 in
883 2704 949 2757 Hor.
961 2702 1060 2770 Epistt.
1072 2675 1109 2770 11}

104 2774 130 2839 1,
148 2773 208 2827 257.
227 2777 362 2824 serratum
386 2771 486 2825 dictum
513 2770 676 2838 Aristarchi,
701 2773 745 2836 qai
767 2790 846 2838 quum
867 2774 948 2823 multa
973 2771 1110 2837 reprehen-

102 2838 173 2892 den't
191 2840 221 2889 in
238 2840 365 2902 Homero,
394 2839 602 2907 (interrogatus,
625 2845 706 2907 puta,
729 2839 886 2907 abaliquo,
909 2854 958 2892 cur
980 2855 1035 2892 non
1051 2838 1110 2904 ipse

102 2905 221 2960 Carmen
239 2912 411 2973 componeret
429 2907 464 2960 ad
482 2907 599 2974 optimas
617 2906 691 2974 leges
709 2907 795 2976 artis)
821 2910 912 2958 aiebat.
949 2907 1060 2971 Neque
1077 2923 1109 2957 se

99 2992 200 3041 pocae
232 2976 394 3042 scribare,
421 2975 690 3043 quamadmodum
726 2977 841 3041 vellet,
877 2992 979 3040 usquc
1015 2973 1107 3036 velle,

101 3043 370 3108 quemadmodum
385 3053 512 3109 posset.
547 3041 629 3095 Haud
646 3042 763 3096 absurda
781 3042 903 3110 profecto
921 3058 982 3110 vox,
1001 3048 1029 3094 et
1046 3057 1108 3108 pru-

101 3108 211 3163 dentiae
239 3108 440 3179 modestiaeque
468 3110 563 3177 plena3
596 3111 743 3177 similisque
774 3119 815 3163 est
843 3111 976 3164 sententia
1002 3115 1107 3177 poetae,

100 3178 216 3245 Frenpor
232 3180 287 3230 vics
304 3182 365 3230 cotis
383 3186 433 3232 etc.

170 3262 184 3302 ⁹
212 3260 282 3315 Vide
299 3262 377 3318 Varr.
402 3265 435 3317 de
457 3264 489 3317 L.
513 3265 545 3316 L.
564 3262 624 3317 VII.
652 3282 679 3333 p.
700 3268 756 3318 119.
777 3268 834 3317 121.
852 3264 926 3316 VIll.
945 3279 985 3330 pr.
1003 3279 1029 3328 p.
1050 3264 1107 3315 126.

101 3332 161 3385 151.
227 3372 233 3383 .
258 3345 284 3397 p.
307 3334 363 3388 170.
386 3332 483 3386 collato
508 3332 594 3386 Gellio
617 3333 658 3398 ΙΙ,
683 3337 724 3386 25.
759 3330 816 3384 Illis
840 3331 905 3384 locis
931 3331 953 3383 si
971 3329 1107 3383 addideris

124 3396 229 3452 uinctih
241 3397 264 3465 1,
281 3402 307 3466 4,
325 3403 366 3453 20.
385 3400 487 3454 Charis.
505 3401 522 3452 l.
541 3416 567 3467 p.
582 3405 623 3454 94.
642 3400 771 3453 Priscian.
789 3398 875 3452 XVII.
894 3415 920 3466 p.
936 3402 1010 3452 1065.
1032 3400 1104 3451 1106.

141 3464 222 3535 tsch,
239 3465 352 3521 habebis
369 3468 465 3536 omnia,
483 3483 554 3536 quae
572 3468 665 3521 Latini
683 3483 716 3521 ex
729 3467 782 3520 hoc
794 3482 893 3534 genere
906 3470 1103 3520 conservarunt.
