2482 3960
512 287 688 340 -169-

101 433 331 495 commoditatem
344 433 551 493 sententiarum
560 431 693 493 ferendos
704 449 859 492 censerem.
872 432 1024 494 Difficilior
1037 433 1093 492 erit

101 509 230 570 defensio
249 509 389 569 audaciae
407 516 525 569 nostrae
544 510 572 568 h.
586 525 612 568 e.
625 509 830 569 Aristarcheae
843 511 873 568 in
883 530 914 585 μ.
930 513 1090 570 llo-181.

100 592 202 646 contra
220 587 318 658 Pium,
343 587 393 658 qui
420 586 556 646 nonnulla
575 586 648 645 bene
667 586 803 659 opponit,
834 603 926 659 neque
945 593 1042 646 tamen
1062 586 1092 644 id

101 662 197 736 efficit,
217 670 250 722 ut
268 663 332 721 istis
351 663 480 721 versibus
500 663 565 735 plus
584 661 653 721 fidei
671 662 827 721 habeamus
848 680 933 735 qnam
953 662 1091 722 similibus

98 740 157 798 illis
178 738 400 812 o.356.sqq.⁶¹).
428 738 513 798 Aliae
532 736 687 817 ἀθετήσεις
706 739 767 798 eius
787 739 940 799 traduntur
959 756 1092 798 versuum

100 814 128 872 ὃ.
150 817 213 875 117.
238 813 262 884 ξ.
284 822 349 876 500.
376 834 402 873 c.
422 821 583 874 449-451.
604 821 634 874 et
655 817 720 874 712.
740 834 767 872 c.
788 821 948 875 444-456.
970 837 1004 872 ω.
1026 821 1090 874 556.

100 893 166 951 55⁷.
205 892 337 964 Denique
356 891 483 951 notabile
503 897 548 950 est
568 892 598 950 in
617 893 727 965 primis,
748 891 825 964 quod
837 893 978 952 mirantur
991 891 1091 952 Gram-

100 968 200 1027 matici
219 968 302 1046 adp.
324 970 408 1041 tta,
438 968 513 1027 hunc
531 985 645 1027 versum
665 968 702 1026 ab
731 969 782 1027 illo
811 969 873 1027 sine
902 974 971 1028 nota
999 974 1092 1026 trans

99 1045 218 1104 missum
237 1061 314 1118 esse,
341 1061 428 1116 quum
452 1045 537 1116 talia,
562 1061 636 1116 qnae
660 1045 718 1103 vim
745 1046 907 1103 sententiae
931 1046 1092 1103 minuerent

97 1121 310 1194 restringendo,
330 1122 421 1180 obelis
442 1121 557 1193 signare
571 1123 746 1177 consuevisset
752 1119 800 1192 62),
834 1122 896 1192 Quo
910 1138 965 1180 uno
980 1137 1015 1179 ex
1028 1122 1091 1180 loco

98 1197 171 1256 satis
191 1203 355 1271 appareret,
375 1198 490 1256 etiamsi
509 1198 599 1255 ceteri
619 1214 716 1256 omnes
731 1197 874 1269 deessent,
894 1197 1091 1256 Aristarchum

99 1275 188 1333 multo
208 1277 293 1347 plura
312 1272 466 1352 ἀθετῆσαι,
491 1290 576 1346 quam
600 1274 704 1346 quibus
724 1274 826 1332 nomen
847 1275 908 1332 eius
929 1275 1092 1347 appositum

98 1355 154 1408 est.
186 1350 283 1422 Atque
301 1346 331 1407 in
341 1350 472 1424 Odyssea
492 1350 606 1422 quidem
619 1367 675 1409 non
689 1351 803 1408 memini
817 1351 873 1408 nisi
887 1351 970 1408 unius
981 1367 1090 1423 versus,

100 1426 138 1484 ab
159 1443 193 1486 eo
213 1427 380 1487 nominatim
404 1423 613 1503 dderocpc'voe,
637 1423 668 1500 β,
691 1429 769 1499 137,
790 1444 874 1498 quem
894 1434 973 1485 certe
993 1427 1092 1486 durior

100 1504 212 1576 ellipsis
232 1502 312 1561 verbi
332 1502 503 1561 substantivi
521 1519 624 1576 parum
645 1500 789 1561 defendat.
830 1503 912 1562 Haec
932 1504 1006 1561 enim
1026 1504 1091 1576 ipsa

100 1579 329 1652 interpolationis
349 1595 437 1637 eausa
457 1595 520 1637 esse
539 1579 642 1651 potuit,
662 1585 695 1637 ut
712 1580 746 1636 Il.
767 1600 793 1656 η.
808 1587 873 1638 353.
895 1601 912 1635 ι.
926 1586 991 1638 416.
1013 1586 1043 1638 et
1061 1581 1091 1636 in

99 1655 165 1713 aliis
185 1654 323 1714 versibus.
358 1654 492 1714 Ceterum
512 1656 598 1714 etiam
618 1655 732 1714 obelum
752 1657 848 1729 posuit
867 1673 932 1714 cum
953 1656 1090 1714 asterisco

98 1732 289 1804 coniunctum,
309 1731 456 1805 duplicata
469 1737 538 1791 nota
551 1730 722 1805 significans,
742 1750 793 1792 suo
804 1732 920 1805 quddam
933 1733 995 1790 loco
1010 1748 1091 1803 egre-

99 1809 178 1880 gium
204 1825 317 1867 versum
342 1825 406 1868 esse
430 1808 482 1866 sed
511 1809 603 1868 alieno
628 1810 690 1868 loco
714 1810 806 1866 minus
826 1815 906 1867 recte
926 1809 1089 1881 repetitum.

102 1885 193 1956 Quam
213 1885 249 1944 ob
270 1902 385 1944 causam
404 1884 511 1958 partim
531 1889 566 1943 2⁷
581 1901 680 1944 versus
700 1905 728 1941 α.
744 1893 808 1945 366.
816 1901 876 1958 sqq.
897 1902 950 1958 pro
964 1887 1090 1956 interpo-
1104 1909 1140 1949 aa

99 1961 168 2019 latis
187 1961 279 2020 habiti
299 1966 379 2032 sunt3
398 1978 552 2034 perperam
571 1978 640 2019 sane
660 1962 711 2033 illi,
738 1968 770 2020 ut
790 1963 839 2020 alii
860 1961 1090 2019 multieiusdem

100 2043 195 2096 notae.
234 2039 336 2110 Neque
355 2045 453 2096 tamen
473 2037 591 2096 dubium
611 2043 664 2109 est,
685 2039 754 2109 quin
774 2037 929 2095 similitudo
951 2037 1091 2108 quaedam

99 2115 227 2172 locorum
247 2114 390 2172 interdum
410 2114 587 2172 occasionem
598 2113 721 2171 dederit
733 2113 862 2171 versibus
875 2114 972 2184 inepte
985 2114 1091 2170 iteran-

102 2190 155 2248 dis.
202 2190 260 2249 Sed
285 2191 322 2249 de
346 2191 390 2247 his
420 2191 541 2261 aliisque
567 2189 730 2261 diligentius
755 2189 909 2263 disputabo
935 2190 964 2246 in
997 2190 1090 2246 altera

98 2273 185 2340 parte
212 2267 296 2325 huius
316 2266 397 2338 libri,
421 2268 451 2323 in
476 2282 534 2338 qua
553 2266 619 2323 unci
637 2265 708 2323 mihi
726 2267 784 2324 mei
804 2263 977 2323 defendendi
997 2270 1088 2323 eruut.

566 2478 627 2556 LI.

175 2649 259 2707 Nunc
282 2648 364 2706 nobis
384 2665 456 2705 unus
475 2653 569 2708 restat
589 2665 604 2706 e
625 2647 739 2707 criticis
758 2648 963 2715 nobilioribus,
989 2647 1089 2706 Crates

98 2723 245 2796 Mallotes,
265 2725 314 2795 qui
334 2741 351 2782 a
365 2725 503 2797 singulari
516 2726 611 2784 studio
625 2731 730 2798 poetae
743 2726 913 2784 Homericus
928 2723 1020 2782 dietus
1035 2730 1088 2795 est,

99 2800 262 2859 Aristarchi
274 2800 351 2858 idem
364 2803 493 2860 aemulus
508 2808 537 2860 et
550 2801 732 2860 adversarius
744 2799 950 2871 acerrimuslll.
970 2801 999 2857 Is
1010 2799 1090 2858 scho-

167 2980 204 3037 ⁶¹1
223 2979 292 3032 Vide
310 2995 391 3048 supra
409 2995 451 3048 cp.
468 2979 553 3032 XXX.

167 3065 203 3133 ⁶2)
221 3063 360 3128 Μεμείωιιε
390 3067 439 3135 τὴν
469 3065 594 3132 ἔμφασιν.
628 3059 697 3115 Καὶ
725 3062 765 3114 τὰ
793 3065 937 3116 τοιαῦτα
966 3058 1089 3113 εἴωθεν

100 3132 247 3186 cerreto
266 3135 281 3185 ὁ
299 3132 524 3203 Ἀρίσταρχος.

167 3218 203 3284 63)
221 3217 397 3272 Suidasvocc.
409 3212 438 3268 K
454 3217 472 3267 oi
506 3235 519 3276 ς
536 3223 564 3269 et
576 3215 699 3286 Ἀρίσταρ
719 3234 754 3275 ος.
782 3214 831 3268 Illo
850 3214 909 3269 loco
926 3214 952 3267 ei
963 3213 1091 3267 tribuitur

101 3285 244 3354 διόρθωσις
267 3282 374 3344 Ἰλιάδος
397 3235 453 3336 auf
461 3235 613 3344 ὣυσσείας
636 3286 665 3334 ἐν
711 3283 808 3348 ιβλίυις
825 3280 862 3350 d',
886 3281 930 3333 καὶ
948 3278 1026 3360 ἄλλα..
1057 3281 1090 3334 ln

97 3354 142 3408 bis
159 3350 247 3413 ἄλλοις
264 3353 385 3420 fuerunt,
409 3360 440 3404 ut
457 3352 566 3419 opinor,
588 3353 667 3418 plura
690 3351 724 3405 ad
740 3351 880 3406 historiam
898 3357 925 3402 et
942 3347 1090 3403 doctrinam

136 3426 241 3476 clarum
257 3420 428 3488 pertinentia,
452 3427 481 3474 ct
497 3435 566 3488 opus
583 3420 647 3490 περὶ
663 3425 711 3488 τῆς
727 3419 839 3487 Ἀττικῆς
855 3416 993 3470 διαλέκτου
1010 3432 1030 3472 s.
1049 3417 1090 3469 λέ-

98 3437 177 3557 {goe
193 3489 268 3543 euius
286 3488 407 3557 quintum
424 3487 520 3541 librum
539 3487 640 3541 excitat
655 3487 754 3541 Athen.
771 3486 818 3540 Xl.
835 3502 863 3554 p.
879 3485 939 3541 497.
957 3485 988 3540 F.
