2482 3960
570 311 750 363 -44..

127 462 227 518 7311111
253 460 277 517 si
303 459 369 517 novi
389 457 503 529 generis
530 457 674 515 scribendi
693 464 826 516 auctores
847 458 1035 530 perhibentur
1054 458 1075 514 ii
1096 459 1162 529 soli,

167 537 215 607 qui
234 537 312 593 iusta
325 534 467 594 volumina
481 533 604 592 condere
617 534 813 606 instituerunt,
834 541 866 592 ut
880 534 1004 593 Cadmus
1018 533 1163 606 Milesius,

166 611 348 684 Pherecydes
374 610 473 682 Syrius
499 615 528 668 et
555 610 618 680 alii,
643 609 833 669 Pisistratidis
860 612 1011 683 aequales,
1037 611 1080 674 (in
1106 611 1163 670 hoc

166 690 241 746 enim
260 685 411 745 manifeste
431 686 521 745 omnis
542 686 660 756 antiqua
679 683 756 744 lama
776 687 933 756 convenit)
954 687 984 744 id
998 703 1101 758 magno
1117 691 1192 744 est·

170 771 352 837 argumento,
390 765 518 818 librorum
550 765 736 826 confectionem
761 769 790 820 et
815 763 892 835 apud
918 764 1002 822 Iones
1028 770 1057 821 et
1082 763 1163 836 apud

169 842 294 912 reliquos
315 840 441 898 Graecos
460 839 515 897 hac
534 839 598 910 ipsa
618 844 715 898 aetate
734 840 860 911 priorem
877 856 936 923 pon
954 837 1053 897 fulsse.

593 1050 735 1125 XVIII.

247 1224 394 1281 Hactenus
415 1223 540 1295 experiri
559 1223 708 1293 voluimus,
728 1238 784 1292 quo
804 1221 1045 1294 progrederemur
1064 1222 1094 1278 in
1107 1222 1164 1281 hac

171 1299 385 1365 controversia,
409 1299 560 1357 universae
578 1298 717 1356 historiae
736 1299 907 1356 testimoniis
927 1297 1080 1369 adhibitis,
1105 1315 1165 1358 non

168 1375 340 1434 auctoritate
359 1373 478 1432 Homeri
499 1379 529 1432 et
549 1375 729 1445 antiquorum
754 1375 944 1447 interpretum
970 1375 1039 1432 eius.
1079 1375 1165 1433 Nunc

170 1467 224 1523 age
244 1450 428 1510 attendamus
449 1451 586 1522 animum,
613 1449 682 1520 quid
702 1451 816 1508 demum
835 1451 866 1508 hi
885 1449 1020 1521 afferant,
1047 1451 1167 1510 reiectis

166 1535 271 1599 tamen,
292 1528 366 1585 sicut
385 1543 440 1599 par
459 1532 512 1598 est,
532 1527 577 1598 iis,
598 1527 648 1597 qui
660 1528 813 1584 vetustatis
827 1527 963 1585 incuriosi
977 1527 1014 1584 de
1027 1527 1167 1599 operibus

167 1604 295 1675 HomerI,
308 1603 429 1662 Hesiodi
450 1609 480 1661 et
499 1604 662 1674 aequalium
679 1603 800 1676 perinde
817 1604 972 1674 loquuntur
981 1610 1119 1674 tanquam
1129 1604 1167 1662 de

173 1681 319 1751 quibusvis
344 1680 426 1738 libris
449 1679 641 1738 bibliotmcae
666 1696 751 1750 suae,
786 1681 832 1737 vel
858 1679 1003 1737 scribendi
1027 1681 1167 1739 vocabulo

170 1762 290 1814 utuntur
309 1756 421 1828 vulgari
441 1771 539 1814 errore
553 1756 622 1827 stili,
636 1772 693 1815 non
706 1756 793 1813 animi
806 1756 920 1814 iudicio.
950 1757 997 1813 lta
1010 1756 1072 1827 ipse
1085 1757 1166 1828 mihi,

171 1834 221 1903 qui
241 1828 356 1896 ἀοιδοὺς
375 1833 440 1891 illos
460 1849 516 1890 non
536 1832 691 1904 scriptores
712 1831 764 1889 sed
784 1829 900 1897 ἀοιδοὺς
911 1831 1001 1890 fuisse
1015 1832 1166 1905 contendo,

169 1908 256 1966 facile
276 1925 378 1981 passus
397 1909 450 1965 sim
469 1907 640 1980 quandoque
658 1908 729 1965 illud
747 1908 864 1966 verbum
885 1909 1026 1980 excidere,
1046 1910 1168 1967 1111111-

170 1987 231 2043 rius
245 2001 333 2058 saepe
348 1985 465 2058 repetiti
482 1985 635 2042 insolentia
649 1984 783 2044 offendat
805 1983 858 2044 (lui
871 1986 976 2044 rationi
987 1985 1168 2043 subiicienda

170 2069 237 2120 sunt
256 2063 400 2135 permulta
418 2062 482 2121 loca
501 2067 639 2132 veterum,
669 2062 773 2120 similia
791 2062 865 2132 istis,
891 2077 964 2134 qnae
991 2062 1166 2119 mentionem

170 2140 331 2211 scripturae
349 2139 458 2197 habent
476 2140 505 2195 in
518 2137 631 2210 legIbus
644 2138 779 2212 Lycurgi,
799 2154 871 2210 quas
884 2155 967 2196 nemo
982 2138 1082 2195 doctus
1097 2138 1166 2195 olim

171 2217 314 2288 scriptura
338 2216 414 2274 letas
435 2215 568 2274 credidit.
608 2214 776 2286 Eodemque
795 2213 934 2273 referrem
953 2220 1052 2273 notum
1071 2215 1165 2272 locum

169 2293 353 2363 Apollodori,
381 2293 411 2349 in
440 2308 496 2362 quo
522 2291 559 2349 de
580 2293 708 2351 exitiosis
725 2292 785 2354 ⁸illis
805 2290 947 2348 mandatis
967 2290 1065 2346 Proeti
1085 2290 1118 2346 Il.
1140 2289 1165 2356 ζ.

174 2374 238 2425 168.
259 2383 361 2425 nomen
381 2363 531 2444 ἐπιπολῆς
549 2368 641 2438 ponit,
661 2368 832 2439 praesertim
845 2382 931 2436 quum
944 2365 985 2421 ibi
998 2381 1099 2435 parum
1115 2383 1167 2438 ap-

170 2451 230 2501 tum
250 2441 353 2501 fuisset
372 2443 477 2501 exoleti
496 2444 583 2500 moris
608 2442 757 2512 indicium,
782 2455 974 2513 negaremque
994 2440 1168 2511 Apollodori

131 2531 156 2568 14
169 2520 225 2576 hac
253 2519 289 2576 de
314 2535 346 2576 re
371 2519 543 2576 sententiam
568 2534 603 2576 eo
622 2518 686 2576 loco
706 2516 900 2588 quaerendam
920 2532 999 2586 esse,
1025 2516 1079 2573 nisi
1099 2517 1167 2589 ipsa

171 2595 259 2654 verba
275 2611 292 2652 1
306 2592 514 2666 significatione
527 2594 623 2652 iustae
636 2594 777 2665 epistolae
790 2609 907 2665 prorsus
921 2593 1164 2665 abhorrerentli).

172 2748 262 2802 scisse.
297 2747 329 2802 ld
353 2747 489 2814 aliquanto
513 2751 575 2814 post
602 2744 682 2798 etiam
725 2760 851 2798 aucarum
868 2743 920 2797 fuit
938 2759 972 2796 111
989 2743 1165 2863 1111ἳ11111111111

172 2816 333 2885 Cecropidis.
368 2816 518 2869 Potuerunt
535 2821 625 2867 tamen
642 2811 695 2866 iia
731 2810 884 2866 discendum
903 2812 1010 2864 invitari
1027 2811 1071 2864 ilo
1090 2812 1165 2864 insti-

170 2891 238 2953 tuto,
257 2901 310 2939 non
327 2883 428 2953 peiore,
446 2885 548 2951 opinor,
567 2879 746 2935 elementariis
763 2879 859 2933 libellis
877 2879 982 2933 nostris.

261 2971 297 3035 3⁶)
315 2969 354 3038 II,
379 2973 407 3036 3,
433 2973 454 3021 1.
505 2963 621 3036 Προῖτος
650 2965 748 3020 ἔδωκεν
779 2965 966 3024 ἐπιστολὰς
993 2965 1067 3034 αὐτῷ
1095 2965 1165 3032 πρὸς

170 3036 291 3106 Ἰοβάτην
316 3039 448 3100 κομίσων,
472 3036 500 3086 ἐν
526 3033 569 3094 αἶς
591 3035 831 3102 ἐνεγέγραπτο
854 3030 1077 3102 Βελλεροφόντην
1100 3032 1163 3083 ἀπο-

174 3110 291 3158 κτεῖναι·
328 3102 449 3174 Ἰοβάτης
471 3104 501 3156 δὲ
524 3103 578 3156 ἐπι
606 3103 686 3161 νοὸς
708 3100 839 3159 ἐπέταξεν
862 3119 886 3152 κ.
910 3118 934 3152 τ.
959 3100 982 3153 λ.
1017 3099 1091 3164 Quae
1111 3098 1163 3154 duo

169 3173 252 3228 verba
269 3173 296 3226 in
313 3174 340 3225 h.
358 3173 375 3226 1.
393 3172 528 3239 pertinere
545 3172 571 3223 vi
592 3175 670 3222 entur
686 3168 722 3222 ad
739 3169 899 3235 scripturam
916 3168 1075 3232 litterarum,
1099 3167 1165 3220 talia

173 3240 316 3308 essedico,
336 3248 365 3294 ut
384 3239 416 3293 de
434 3240 504 3294 notis
516 3255 564 3293 seu
581 3239 664 3306 sIgnis
681 3243 792 3304 accepta
810 3236 909 3304 optime
928 3235 1045 3289 habeant
1063 3242 1090 3288 et
1101 3251 1165 3302 pru·
1206 3271 1209 3274 -

172 3312 267 3365 denter
285 3309 373 3377 posita
390 3309 450 3362 sint.
480 3307 550 3360 Nam
567 3306 654 3375 ἐγγρά
678 3322 717 3356 ειν
735 3311 792 3358 tum
810 3320 859 3372 per
877 3319 905 3357 se
917 3303 1035 3357 incertae
1047 3309 1164 3369 potesta·

172 3380 207 3432 tis
224 3384 272 3445 est,
290 3387 346 3430 tum
364 3384 406 3432 est
422 3375 489 3430 illud
506 3375 593 3442 ipsum
610 3325 728 3440 verIum,
753 3373 825 3440 quod
842 3371 914 3439 apud
932 3376 1039 3450 poetam
1057 3371 1164 3437 legitur.

172 3447 244 3500 Pone
262 3462 310 3513 pro
329 3445 374 3499 illo
393 3446 406 3496 ἐ
441 3444 545 3512 λύφειν,
562 3441 746 3509 eptolenae,
765 3442 779 3492 ἐ
793 3442 961 3512 laederem
983 3446 1164 3505 importunum

172 3513 289 3567 studium
306 3514 398 3568 varian
417 3515 427 3565 i
444 3513 550 3567 senties.
585 3512 622 3563 At
640 3509 737 3561 πίνακα
783 3509 866 3563 omeri
882 3508 996 3561 mutavit
1013 3507 1042 3558 in
1059 3507 1163 3558 ἐπιοτο·
