2482 3960
500 321 674 372 ..g-

85 483 119 525 se
147 483 286 540 operosa,
317 466 513 540 impediantur
537 466 636 539 potius
660 483 746 538 qnam
765 473 912 524 ornentur.
951 466 985 523 In
1013 467 1088 527 tales

84 560 189 679 rvnlzngple
198 547 354 693 {ow
374 543 526 615 quaedam,
546 560 604 602 non
623 545 686 600 veri
704 543 826 601 nominis
847 546 962 598 msto
983 543 1088 603 cadere

559 746 609 819 Π.

146 848 205 907 Sed
233 848 271 906 de
300 848 345 906 his
375 850 405 905 iu
431 850 596 906 universnm
625 863 709 905 nemo
734 846 878 918 ambigat:
908 849 938 904 in
962 847 1089 906 Homero

87 931 194 997 autem,
216 926 415 996 antiquissimo
434 933 517 996 rate,
537 925 569 982 id
587 926 681 997 ipsum
701 923 830 981 dubitari
849 923 948 994 udeo,
977 926 1089 982 tantine

87 1007 147 1058 tam
167 1018 306 1059 novorum
326 1002 457 1060 codicum
476 1003 635 1059 auctoritas
654 998 789 1057 facienda
813 1001 861 1056 sit
900 1001 976 1057 Nam
994 1002 1089 1058 nullus

87 1081 186 1135 eorum
205 1094 242 1135 ne
262 1084 474 1150 postremorum
494 1077 611 1148 quidem
629 1077 800 1134 Latinorum
826 1077 999 1148 scriptorum
1018 1083 1089 1134 tem·

86 1170 160 1226 pora
180 1155 313 1225 attingit,
334 1156 421 1226 pauci
441 1161 508 1212 sunt
527 1160 558 1211 et
576 1154 646 1224 rari,
666 1152 716 1224 qni
734 1152 799 1208 XII.
819 1153 866 1209 vel
878 1152 929 1209 XI.
943 1153 1089 1210 saeculnm

88 1229 237 1287 excedant
265 1231 347 1301 Quae
367 1230 510 1289 dubitatio
531 1232 557 1288 si
577 1247 641 1288 eam
660 1231 717 1286 vim
730 1228 847 1300 habeat,
861 1235 894 1286 ιιι
906 1235 994 1300 poeta
1006 1228 1089 1287 nobis

89 1322 125 1363 ex
145 1305 191 1363 his
210 1304 339 1364 fontibus
359 1307 398 1364 ad
418 1308 572 1364 ueritatem
586 1312 617 1364 et
630 1306 828 1376 integritatem
840 1311 946 1376 textus,
965 1305 1088 1377 primum

89 1382 187 1440 divino
209 1384 270 1439 eins
290 1399 341 1440 ore
361 1382 432 1454 fusi,
457 1383 552 1455 redigi
571 1388 711 1454 nequeat,
731 1381 824 1438 dicam
843 1382 978 1454 posthac,
1003 1397 1088 1452 quam

86 1458 214 1516 libenter
233 1458 308 1516 hauc
328 1465 438 1516 sectam
456 1461 656 1530 rationemque
676 1474 791 1529 sequar.
830 1460 871 1514 At
895 1474 981 1528 quum
1010 1465 1089 1515 rete-

86 1551 151 1591 rum
170 1535 310 1593 librorum
329 1533 391 1592 fata
410 1536 522 1607 cogito,
547 1551 749 1606 nonnunquam
775 1540 893 1606 praeter
916 1551 996 1607 spem
1023 1551 1089 1605 pro

51 1666 54 1670 .
87 1626 183 1683 spera,
204 1617 292 1681 atque
313 1611 521 1682 animadverto,
541 1627 627 1682 quam
646 1628 738 1684 prope
759 1627 896 1682 germano
915 1612 1003 1669 nitori
1023 1610 1113 1668 red-²

86 1687 162 1745 ditos
182 1687 340 1745 habeamus
359 1687 555 1759 Herodotum,
576 1687 741 1758 Platonem,
761 1687 994 1758 Xenophontem,
1015 1687 1088 1745 alios

87 1764 153 1820 aevi
174 1763 313 1834 eiusdem,
334 1780 406 1834 quos
427 1779 463 1821 ex
483 1763 640 1822 eorundem
660 1763 843 1822 librariorum
862 1762 994 1821 manibus
1008 1779 1089 1820 acce·

85 1841 197 1912 pimus3
222 1840 277 1896 nisi
302 1838 378 1898 forte
404 1841 564 1913 priscorum
589 1838 695 1896 ἀοιδῶν
720 1841 846 1913 pessima
865 1838 904 1896 ad
922 1855 974 1897 nos
996 1855 1089 1897 exem·

88 1916 185 1988 plaria
205 1916 345 1988 venerint,
366 1932 423 1974 non
443 1918 568 1989 reperio,
589 1934 641 1975 cnr
659 1916 705 1974 his
725 1923 806 1974 tanto
826 1916 918 1972 minus
933 1931 1018 1986 quam
1031 1916 1089 1973 illis

88 1989 289 2050 confidendum
310 1994 357 2049 sit.
397 1992 521 2051 Accedit
538 1994 610 2064 huc,
630 1993 707 2063 quod
728 1992 900 2050 Criticorum
919 1992 1089 2048 Alexandri-

88 2084 198 2138 norum,
220 2069 271 2138 qni
290 2068 428 2140 deinceps
443 2070 625 2139 exstiterunt,
645 2084 736 2141 opera
749 2068 880 2138 contigit,
900 2073 933 2123 ut
946 2083 998 2124 nos
1011 2068 1089 2125 haud

87 2142 176 2203 dubie
188 2144 347 2210 Homerum
360 2145 458 2202 multis
472 2146 542 2203 locis
555 2146 664 2202 rectius
685 2145 824 2215 scriptum
843 2144 983 2213 legamus,
1004 2159 1089 2213 quam

60 2221 130 2289 ,illi
160 2221 217 2293 ipsi
236 2222 336 2292 legere
355 2227 483 2292 possent
522 2220 656 2290 Denique
682 2221 712 2276 in
739 2221 774 2277 iis
804 2218 1010 2291 scriptoribus,
1039 2223 1089 2291 qni

85 2296 206 2355 Homeri
225 2312 326 2354 versus
347 2303 504 2369 apponunt,
524 2297 677 2368 pauciores
698 2312 777 2367 sane,
797 2311 884 2366 quam
903 2295 967 2365 quis
980 2302 1088 2370 speret,

86 2372 272 2431 diversitates
299 2373 432 2431 lectionis
458 2378 539 2443 sunt,
565 2389 639 2444 quae
665 2372 781 2444 quidem
806 2371 927 2429 alicuius
952 2376 1089 2432 momenti

48 2521 52 2526 ι
85 2449 152 2521 sint,
172 2465 227 2506 nec
246 2447 334 2506 infida
353 2451 491 2507 memoria
511 2450 647 2520 vitiatae,
673 2466 745 2520 quas
765 2465 822 2506 non
843 2464 879 2507 ex
898 2449 963 2506 istis
983 2450 1089 2508 codici·

86 2525 140 2582 bus
161 2541 255 2597 paene
275 2525 392 2583 easdem
420 2527 601 2598 recipiamus.
640 2527 762 2584 Novitas
783 2525 859 2582 enim
879 2525 1009 2583 codicum
1032 2543 1088 2586 non
1119 2523 1122 2533 '

84 2602 179 2659 maius
199 2602 302 2659 vitium
322 2607 382 2674 est,
408 2618 493 2673 quam
517 2602 663 2661 hominum
683 2601 894 2660 adolescentia:
925 2603 1013 2660 etiam
1041 2604 1089 2662 hic

85 2693 143 2736 uon
173 2693 289 2751 semper
309 2683 390 2735 aetas
411 2679 583 2751 sapientiam
604 2678 701 2749 affert3
731 2683 764 2735 ut
790 2678 910 2749 quisque
940 2680 1088 2750 antiquum

86 2760 117 2811 et
145 2753 251 2811 bonum
278 2759 426 2813 auctorem
451 2755 525 2813 bene
551 2756 696 2827 sequitur,
726 2756 769 2812 ita
797 2755 882 2812 testis
914 2761 959 2813 est
987 2755 1087 2815 bonus.

83 2828 151 2888 Etsi
171 2831 262 2901 igitur
282 2829 462 2889 Scholiorum
483 2836 513 2888 et
533 2831 746 2891 Glossariorum
766 2832 921 2903 apparatui
940 2833 1087 2904 aliquanto

83 2907 152 2977 plus
174 2922 259 2977 qnam
279 2906 364 2964 undis
384 2906 558 2966 membranis
579 2907 691 2978 tribuo;
719 2907 850 2980 pluribus
877 2911 974 2967 tamen
1001 2925 1096 2968 exem·

83 2981 140 3053 plis
161 2998 252 3055 saepe
271 2984 426 3055 perspexi,
456 2983 530 3041 haec
557 2982 691 3042 Carmina
715 2983 846 3042 nonnisi
874 2985 1004 3056 utrisque
1030 3003 1095 3046 con-

83 3059 189 3117 iunctis
221 3059 312 3131 copiis
343 3059 382 3117 ad
420 3075 484 3117 eam
523 3061 697 3135 scripturam
726 3060 857 3119 revocari
887 3078 991 3133 posse,
1020 3079 1096 3134 quae

83 3150 178 3205 neque
197 3135 269 3207 ipsis
289 3135 328 3193 sit
348 3134 479 3207 indigna,
501 3151 556 3194 nec
576 3153 595 3194 a
615 3137 718 3196 doctae
734 3136 915 3207 antiquitatis
928 3141 1094 3212 praeceptis

85 3209 254 3270 abhorrens.
294 3210 335 3270 Et
354 3211 410 3270 hoc
429 3212 459 3268 in
479 3214 544 3272 loco
559 3213 602 3271 ita
614 3212 696 3272 nobis
712 3212 952 3283 acquiescendum
968 3216 1031 3288 erit,
1052 3225 1095 3290 ut,

83 3287 109 3344 si
135 3303 240 3359 purum
260 3292 361 3360 putum
382 3285 480 3345 ἀοιδὸν
506 3304 697 3360 quaeramus,
717 3305 771 3348 nec
790 3289 867 3347 idem
888 3290 983 3360 uobis,
1010 3293 1087 3364 quod

82 3361 255 3432 Plutarcho,
275 3363 406 3434 Longino
426 3365 472 3424 vel
491 3365 608 3438 Pronlo‚
629 3366 702 3424 satis
723 3381 788 3424 esse
808 3370 954 3440 putemus,
974 3374 1025 3426 aut
1048 3369 1086 3428 ad

82 3439 181 3498 inania
201 3444 278 3513 vota,
300 3438 408 3497 autad
430 3439 598 3500 effrenatam
620 3442 767 3501 diuinandi
786 3441 934 3501 libidinem
948 3460 995 3502 res
1009 3446 1086 3503 redi-

81 3520 150 3575 tara
170 3531 235 3574 esse
254 3515 398 3574 videatur.

904 3620 931 3660 1·
