2482 3960
441 246 724 324 ¹—52-

133 419 178 477 bit
196 432 355 478 sermonem
367 416 496 489 Homeri,
517 434 602 489 quam
616 419 885 491 interpretationem
899 426 1039 492 veterum,
1062 437 1142 492 quae

135 501 165 554 et
182 495 296 554 illorum
311 500 342 553 et
359 499 523 553 nostrorum
543 498 704 567 temporum
724 497 790 553 usui
803 503 955 568 repugnet,
975 497 1148 571 amplectit

212 572 312 643 Qualis
325 577 422 630 tamen
432 570 481 628 ille
494 586 556 630 mos
569 569 666 644 fuerit,
687 572 785 643 qualia
799 573 881 645 signa
893 573 1002 646 Proeti,
1012 574 1142 633 Iobatae

134 653 302 720 monstrata,
324 662 464 719 quaerere
485 654 530 706 est
550 648 623 706 alins
636 649 701 706 loci.
722 648 844 707 Veteres
861 649 1051 708 Grammatici
1065 650 1139 722 quid

133 725 319 796 coniecerint,
339 725 514 797 ignoramus,
535 725 592 782 nisi
611 726 688 797 quod
707 725 793 799 pauci
813 726 927 784 illorum
948 727 1086 785 videntur
1100 742 1139 785 ea

133 802 163 859 in
177 818 295 860 numero
309 799 515 879 ἱερογλυφικῶν
528 799 672 874 habuisse,
687 801 927 874 quemadmodum
937 803 1036 875 plures
1046 802 1139 864 hodie

134 876 319 950 fecerunta).
352 878 393 935 At
405 876 575 950 Apollodori
594 880 688 938 locum
707 879 787 936 illum
806 896 869 937 cum
885 879 1006 938 Scholiis
1025 879 1137 938 nostris

135 956 314 1027 comparanti
332 953 411 1013 haud
432 970 519 1026 aegre
539 954 739 1027 persuadeam,
759 953 863 1012 πίνακα
881 952 1004 1013 arnardo
1024 955 1137 1014 abillis

134 1032 265 1091 habitum
291 1048 355 1090 esse
379 1031 505 1102 ligneam
530 1041 656 1088 taceam
681 1033 727 1090 vel
753 1034 898 1103 embolum
918 1033 1058 1105 aliquem,
1085 1033 1139 1104 qni

135 1115 218 1168 notas
238 1106 401 1167 mortiferas
429 1106 496 1165 rudi
520 1114 584 1166 arte
610 1108 716 1166 moises
743 1107 928 1180 habuerit49).
968 1109 1014 1166 De
1034 1108 1139 1168 tabula

59 1188 61 1192 “
98 1201 122 1240 os
136 1191 238 1243 cerata
256 1185 387 1257 cogitare
400 1183 448 1241 vix
461 1183 530 1242 sinit
543 1185 719 1244 consuetudo
732 1190 846 1258 poetae,
861 1183 1047 1244 artificiosam
1061 1185 1141 1244 eius-

136 1261 214 1319 modi
233 1277 351 1334 operam
364 1260 461 1331 aliquo
475 1265 554 1319 certe
568 1261 696 1333 epitheto
711 1262 805 1321 aliave
819 1262 984 1321 adiectione
998 1263 1140 1322 ornaturi.

597 1439 684 1514 XX.

213 1587 308 1646 Docet
320 1604 389 1660 ergo
402 1588 528 1647 locorum
540 1587 654 1646 illorum
670 1587 831 1660 explicatio,
852 1603 908 1646 non
923 1603 958 1644 ex
971 1584 1137 1658 peregrinis

137 1664 318 1738 opinionibus
339 1670 474 1737 captata,
499 1664 551 1722 sed
577 1665 710 1722 instituta
730 1664 887 1735 diligenter
908 1679 943 1721 ex
963 1662 1139 1721 Homericae

137 1741 274 1799 orationis
288 1740 476 1813 proprietate,
490 1739 665 1799 mentionem
680 1741 840 1811 scripturae
855 1740 933 1814 iniis
947 1737 1140 1797 fierinullam.

222 1902 259 1966 48)
293 1900 325 1954 V.
344 1915 367 1955 o.
384 1900 520 1954 Baebetus
537 1899 631 1953 Mezir.
654 1898 689 1952 ad
707 1897 782 1951 Ouid.
800 1896 876 1966 Epp.
893 1897 1004 1952 Heroid.
1023 1899 1054 1953 Τ.
1073 1901 1093 1954 1.
1121 1916 1141 1968 p

137 1973 195 2094 ¹333
212 1969 426 2093 Efflutrgtshitiameu
443 1968 554 2023 rationis
572 1966 706 2037 quoddam
722 1965 866 2034 vestigium
884 1972 925 2020 est
942 1968 971 2019 in
988 1967 1133 2036 exsignato

206 2125 243 2190 49)
266 2122 353 2178 Schol.
378 2121 442 2177 (lod.
460 2123 493 2174 A.
511 2121 545 2176 ad
562 2136 586 2175 v.
608 2123 664 2176 169.
701 2118 725 2173 Γ
720 2120 809 2190 μάψαι
832 2120 893 2172 ἐστὶ
912 2120 943 2172 τὸ
962 2121 1059 2180 ξέσαι·
1078 2119 1139 2180 οἷον

139 2193 185 2247 οὖν
205 2191 363 2264 ἐγχαράξας
386 2187 525 2252 εἴδωλα,
545 2191 586 2242 δι’
611 2189 654 2242 ὢν
679 2187 750 2240 ἔδει
772 2191 901 2256 γνῶναι
927 2188 984 2240 τὸν
1003 2190 1139 2241 πενθε-

164 2263 199 2314 ὸν
218 2264 277 2314 τοῦ
296 2257 458 2328 Προίτου.
494 2256 701 2312 circumlocutio
717 2257 786 2310 haec
804 2262 846 2310 est
863 2255 947 2323 verbi,
965 2255 1036 2323 quod
1054 2256 1142 2323 Apol-

138 2281 191 2384 sod.
210 2327 340 2395 adhibuit,
360 2326 534 2396 ἐπιγνούςς
559 2332 589 2379 ut
606 2326 778 2394 perspicuum
797 2324 839 2392 sit,
865 2324 976 2377 eandem
993 2329 1141 2391 utrumque

139 2396 300 2451 sententiam
319 2395 402 2463 sequi.
436 2393 562 2448 Eusteth.
581 2393 597 2446 l.
617 2409 639 2448 c.
658 2392 805 2462 Εὐριπίδης
830 2410 880 2444 που
898 2392 932 2443 τὰ
947 2389 1072 2460 Ὁμηρικὰ
1091 2393 1142 2463 σή·

82 2509 84 2513 ,
139 2483 213 2530 ματα
240 2464 278 2523 εἰς
307 2461 472 2529 ξύμβολα
497 2462 662 2527 μεταλαβών
682 2479 762 2530 φησι·
794 2457 1141 2523 Ξένοιςῑεπέμπειν

140 2532 308 2598 σύμβολα,
336 2531 369 2583 οἳ
396 2531 574 2599 δράσαυσί
589 2533 615 2582 o’
634 2529 679 2584 εὖ.
721 2529 831 2596 (Medea
848 2544 873 2580 v.
892 2530 961 2594 ele.)
995 2527 1064 2580 Mihi
1082 2528 1143 2581 veri

60 2626 62 2630 >
139 2600 275 2670 persimile
292 2599 407 2668 videtur,
425 2599 478 2652 iam
496 2605 553 2653 tum
571 2599 641 2652 inter
658 2603 787 2666 cognatos
805 2594 952 2650 obtinuisse
969 2601 1047 2649 notas
1059 2610 1141 2663 quas·

140 2670 202 2723 dam
219 2667 386 2738 symbolicas,
404 2667 500 2736 quibus
523 2667 704 2721 deponendis
721 2666 879 2733 pacissima
896 2664 971 2715 rebus
989 2678 1068 2717 seusa
1085 2663 1143 2716 ani·

139 2753 243 2792 morum
261 2737 332 2824 inter
348 2750 379 2816 se
391 2735 625 2802 communicarent,
642 2735 670 2788 in
682 2733 827 2803 primisque
839 2732 891 2785 hcc
903 2746 990 2811 genus
999 2732 1055 2795 dep
1086 2732 1140 2810 'dd

141 2799 1143 2939 ttndtttttrdltdtttt{tertiisttdibilitate

142 2942 228 2997 canda
245 2941 351 2996 suntin
369 2939 498 3008 singulari
516 2940 677 3007 quaestione
695 2938 729 2991 de
746 2936 862 3004 symbola
879 2945 995 2988 edeam.
1029 2935 1143 2988 Interim

141 3010 273 3065 neminem
296 3007 445 3077 poenitebit
468 3022 624 3075 comparare
650 3005 746 3059 similia
770 3003 843 3071 apud
868 3002 1020 3056 Marianum
1037 3018 1064 3069 p.
1082 3007 1142 3056 523.

141 3094 208 3146 sqq,
225 3077 253 3130 in
271 3074 367 3146 quibus
385 3077 466 3130 etiam
489 3080 550 3129 sunt
568 3074 729 3128 facetissima
745 3073 827 3127 haec:
859 3069 904 3124 »si
921 3071 1012 3125 c’etoit
1029 3070 1056 3123 la
1073 3071 1143 3123 veri·

141 3146 289 3201 tablement
306 3159 359 3199 une
377 3143 457 3198 lettre
475 3143 558 3198 ecrite
576 3157 610 3195 en
622 3142 773 3197 caracteres
791 3139 954 3207 d’alpbabet,
972 3138 992 3191 il
1001 3138 1084 3192 sarcit
1097 3153 1144 3191 ex-

142 3217 300 3269 tremement
326 3212 463 3280 singidier,
490 3211 588 3279 qu'nne
611 3209 748 3264 invention
772 3208 795 3262 si
821 3208 888 3262 utile
916 3214 951 3260 et.
970 3206 1091 3261 des-lors
1119 3206 1142 3259 si

143 3296 254 3350 cannae,
274 3283 321 3336 adt
338 3280 448 3347 dispare
466 3278 537 3333 deux
555 3278 725 3348 generations
743 3277 830 3345 apres,
849 3276 915 3330 dans
927 3275 974 3330 des
987 3273 1142 3342 conjunctu·

141 3365 185 3403 res
202 3352 239 3404 ob
256 3365 305 3416 son
322 3363 405 3417 usage
424 3347 548 3403 dereuoit
566 3346 645 3400 d’une
663 3352 723 3400 tout
740 3352 818 3399 autre
836 3345 1009 3413 importante.
1034 3341 1142 3394 N'etoir-

142 3419 186 3472 elle
212 3419 278 3472 donc
296 3420 376 3470 bonne
394 3435 442 3483 que
456 3433 526 3482 pour
544 3416 587 3468 dea
604 3416 687 3468 lettres
704 3415 735 3467 de
752 3413 994 3477 recommendatioa,
1017 3412 1062 3477 qai
1085 3420 1138 3462 ten·

142 3487 226 3540 dotem
244 3488 261 3538 b
278 3487 344 3550 taire
362 3485 466 3538 devorer
483 3485 518 3537 les
534 3501 596 3552 gena
609 3501 663 3550 par
679 3485 707 3536 lo
726 3481 874 3536 Obimdreid
