2482 3960
554 303 729 356 ..164-

97 466 136 508 aar
224 449 347 522 Fateor,
374 449 447 509 haec
475 451 571 510 omnia
589 467 607 508 a
626 449 708 509 nobis
733 467 789 509 non
813 467 899 524 posse
919 450 1099 513 confirmari
1119 455 1156 515 ob

150 532 294 599 egestates
313 525 446 585 fontium:
467 533 498 585 et
517 529 658 586 clarorum
677 533 837 600 temporum
849 529 943 586 lucem
960 534 1153 603 exspectanti

147 603 253 661 sensim
273 603 403 676 subrepit
431 604 558 661 taedium
579 604 818 662 coniecturarum:
845 611 876 663 at
895 621 986 664 unam
1007 623 1078 666 rem
1098 625 1154 668 non

149 679 241 738 debeo
261 680 403 751 omittere,
424 679 461 737 ad
474 680 610 738 iudicium
622 686 750 739 nostrum
764 680 800 739 de
812 680 867 740 hoo
879 682 1002 753 uulgato
1016 683 1153 745 Homero

149 756 354 828 gravissimam.
387 757 460 814 Nam
474 762 507 814 ιιι
518 756 701 815 Aristarchus
715 773 732 815 a
745 757 874 829 pluribus
887 764 1026 818 veterum
1043 763 1153 834 partim

149 832 227 890 clare
239 833 344 904 partim
357 833 461 890 tectius
474 834 654 891 insimulatur
666 835 805 892 maximae
820 835 997 893 temeritatis
1013 837 1049 894 in
1064 840 1154 897 corri-

148 907 250 980 gendo,
269 909 299 966 in
312 909 447 968 tollendis
461 915 491 967 et
504 910 689 968 exterrendis
701 909 785 968 bonis
798 910 927 968 versibus
936 909 985 984 ⁵²),
1000 913 1053 972 ita
1067 931 1151 974 nemo

96 1003 135 1045 aaa
148 1000 220 1043 unns
239 985 391 1058 reperitur,
421 986 469 1056 qui
488 986 581 1058 ipsum
600 991 700 1044 narret
720 986 826 1057 aliquid
846 986 960 1058 insigne
980 989 1153 1050 subiecisse

146 1066 259 1133 poetae,
279 1068 330 1120 aut
349 1077 368 1119 a
387 1077 418 1119 se
438 1064 609 1135 compositos
629 1079 728 1129 versus
741 1064 907 1120 manicasse.
942 1064 1052 1137 Atque
1069 1068 1102 1125 id
1115 1068 1152 1127 ab

146 1137 196 1196 illo
216 1153 272 1196 nou
292 1153 356 1196 esse
375 1136 490 1211 factum,
512 1140 599 1196 etiam
619 1139 772 1196 verisimile
793 1143 838 1196 est
857 1144 978 1212 propter
1004 1159 1055 1216 ea,
1077 1161 1154 1216 quae

146 1212 183 1271 de
202 1214 316 1285 ingenio
337 1214 399 1272 eius
412 1214 542 1287 diximus,
563 1220 631 1288 apto
650 1216 700 1274 illo
714 1215 828 1287 quidem
842 1222 872 1273 et
884 1216 954 1274 trito
968 1218 1147 1280 iudicandis

146 1291 328 1362 carminibus,
347 1290 423 1348 haud
436 1290 605 1350 scribendis.
636 1292 747 1364 Itaque,
766 1298 799 1349 ut
812 1291 905 1350 omnia
919 1309 1041 1354 summa
1055 1298 1152 1356 tribus

145 1530 169 1567 r.
188 1510 389 1582 Φιλομηλείιιης;
418 1511 469 1564 etsi
494 1511 547 1564 ista
564 1526 617 1564 non
635 1510 668 1564 de
686 1511 769 1564 nihilo
787 1516 857 1564 sunt.
891 1511 1040 1579 Nusquam
1049 1516 1094 1570 ain
1112 1522 1152 1571 tot

146 1581 257 1638 Soholiis
280 1580 315 1634 ad
332 1579 443 1634 Iliadem
460 1586 488 1632 et
505 1579 666 1646 Odysseam,
689 1595 724 1632 ue
742 1578 823 1633 semel
841 1579 963 1646 quidem,
992 1585 1149 1639 auctoritas

144 1650 309 1719 Hymnorum
327 1646 449 1715 affertur,
479 1663 560 1714 quum
584 1646 641 1700 eius
667 1649 707 1701 rei
736 1648 840 1702 occasio
865 1654 942 1701 esset.
974 1649 1070 1707 Immo
1090 1669 1149 1706 cum

145 1717 275 1785 exemplis
292 1720 346 1769 τῶν
366 1717 451 1767 νεωτέ
472 1733 509 1766 ων
528 1730 548 1768 s,
566 1717 619 1768 τῶν
636 1716 706 1778 μεθ’
718 1714 847 1785 Ὅμηρον,
870 1722 1012 1782 podiorum
1030 1724 1149 1774 Hosnero

96 1792 100 1797 ’
144 1787 322 1852 posteriorum,
339 1798 408 1852 quae
426 1733 573 1836 afferuntur
591 1783 624 1837 ab
642 1783 702 1851 illis,
720 1782 843 1836 convenit
854 1799 1053 1853 nonnunquam
1066 1788 1147 1856 plane

143 1853 188 1907 hic
205 1867 269 1905 usus
286 1851 457 1919 Hymnorum.
493 1850 566 1916 Quae
591 1852 695 1905 sivero
712 1857 787 1919 sunt,
812 1851 890 1904 tacile
916 1857 1012 1919 potest
1037 1856 1147 1922 coniici,

144 1920 191 1990 qni
208 1919 307 1973 factum
325 1919 367 1986 sit,
384 1923 415 1972 ut
432 1919 494 1972 olim
511 1918 585 1972 nulla
602 1919 714 1972 celebris
730 1918 811 1973 fuerit
824 1919 943 1973 collectio
958 1919 1146 1991 Hymnorum,

143 1992 239 2057 parata
262 1986 296 2040 ab
318 1986 422 2040 erudito
446 1987 632 2040 Grammatico.
672 1987 803 2040 Nimirum
827 1987 850 2040 si
873 1986 970 2040 finisset
988 1990 1074 2060 talis,
1100 2000 1147 2046 aut

145 2056 267 2125 equidem
279 2055 486 2110 Scholiastarnm
503 2055 720 2109 consuetudinem
737 2055 839 2123 ignoro,
857 2061 904 2108 aut
921 2055 1025 2109 alicubi
1047 2059 1146 2115 saltem

145 2124 203 2178 eins
219 2138 315 2180 nomen
333 2128 458 2176 exstaret.
493 2122 571 2177 Nunc
589 2122 688 2190 Hymni
705 2122 738 2177 ab
757 2122 863 2190 optimis
880 2122 1066 2189 scriptoribus
1078 2129 1146 2182 anti·

162 2192 254 2246 uitatis
271 2190 401 2259 neglecti,
427 2196 537 2258 praeter
554 2191 712 2245 Pausaniam
735 2198 763 2244 et
780 2191 878 2243 similes
896 2193 1089 2264 antiquarios,
1111 2211 1146 2249 nc

145 2208 304 2314 desiderium
321 2258 427 2338 quidem
445 2265 564 2311 nostrum
581 2264 732 2327 moverent,
754 2258 806 2312 nisi
823 2274 885 2311 rara
902 2257 1014 2313 fortuna
1035 2263 1145 2333 aliquot

143 2327 262 2382 codicum
280 2326 349 2381 folins
366 2325 538 2394 pepercisset.

210 2412 245 2478 5ι)
263 2410 331 2465 Vide
349 2427 406 2479 sup.
424 2427 482 2479 cap.
500 2409 595 2464 XLVI.
601 2426 658 2479 sqq.
671 2417 698 2465 et
709 2411 805 2465 XLIX.
813 2427 851 2478 sq.
885 2412 923 2465 At
940 2410 1064 2469 fortasse
1077 2434 1144 2472 non-

142 2479 210 2532 nulli
226 2480 305 2532 etiam
320 2478 499 2548 ἐξαίρεσιν
524 2481 650 2547 (lituram)
675 2479 844 2534 subiecerunt
860 2478 989 2533 vocabulo
1013 2484 1110 2538 ἀθετ
1124 2488 1144 2525 ’-

144 2564 238 2606 otoo.
267 2546 336 2600 Nam
354 2548 406 2600 ista
423 2547 475 2601 duo
493 2546 618 2600 confundi
635 2548 759 2602 ridentur
776 2547 923 2613 interdum3
942 2552 970 2599 et
987 2547 1047 2603 fuit
1059 2505 1143 2608 facile

142 2613 311 2676 confundere,
328 2615 484 2681 praesertim
502 2614 584 2668 verba
601 2617 770 2686 περιγράψαι
790 2623 818 2668 et
829 2614 939 2674 ἐξελεῖν.
975 2614 1144 2676 Cuiusmodi

141 2689 245 2736 certum
257 2682 406 2749 exemplum
423 2681 535 2750 praebet
552 2681 676 2737 Eustath.
694 2683 729 2738 ad
739 2682 832 2752 Odyss.
844 2699 870 2751 p.
887 2686 1017 2738 1480.19.
1037 2689 1144 2744 collato

141 2749 200 2805 loco
216 2749 356 2804 Athenaei.
390 2750 515 2804 Ceterum
530 2749 665 2804 libidinem
683 2750 840 2830 corrigendi,
858 2766 925 2817 quae
943 2755 1059 2819 proprie
1074 2757 1143 2812 dici·

140 2823 186 2873 tun
201 2819 230 2872 in
245 2819 334 2873 verbis
351 2823 378 2872 et
387 2818 524 2873 sententiis
536 2818 653 2887 singulis,
671 2826 775 2873 veteres
786 2819 917 2873 rarissime
928 2821 1144 2887 reprehendunt

140 2887 169 2940 in
185 2887 355 2955 Adsmrcho,
381 2887 431 2940 etsi
455 2903 508 2941 non
533 2902 595 2940 raro
612 2886 740 2941 recedunt
757 2902 774 2940 a
790 2886 904 2940 decretis
922 2887 987 2940 eins.
1019 2890 1143 2948 Praeter

140 2955 207 3010 haec
224 2955 371 3024 singulares
393 2961 455 3009 suni
476 2955 504 3007 in
519 2954 632 3009 Soholiis
648 2954 700 3009 loci
717 2953 784 3023 dno,
810 2969 878 3008 unus
895 2953 930 3007 ad
948 2974 963 3007 ι.
981 2959 1045 3012 222.
1068 2962 1143 3016 alter

140 3023 176 3078 ad
192 3043 219 3078 π.
236 3027 294 3078 466.
328 3024 361 3076 In
377 3023 466 3091 priore
483 3023 638 3078 Aristarcho
656 3023 735 3077 etiam
746 3023 895 3077 reverentia
907 3027 1141 3084 veterumrecen·

141 3092 243 3147 sionum
264 3091 390 3144 tribuitur
414 3096 442 3143 et
464 3093 578 3161 περιττὴ
596 3091 741 3156 εὐλάβειαι
759 3092 787 3144 in
803 3089 952 3158 posteriore
977 3099 1142 3153 constantia

141 3159 331 3214 emendationis
354 3172 457 3226 eornm,
489 3175 557 3225 quae
586 3159 738 3238 praeceptis
761 3159 815 3213 suis
839 3158 972 3212 contraria
998 3168 1140 3228 putasset,

140 3226 227 3293 Quum
244 3227 314 3280 enim
331 3225 368 3280 ibi
385 3226 485 3293 aliquid
501 3227 555 3280 tale
573 3233 615 3295 snt,
634 3225 908 3294 enarrator'coniicii,
933 3225 961 3277 in
979 3234 1140 3301 exemplari

140 3294 211 3347 illius
227 3295 306 3348 aliam
324 3295 481 3362 scripturam
499 3295 561 3348 olim
579 3294 673 3349 luisse:
697 3295 814 3364 οὐγὰρ
832 3292 869 3345 ἂν
888 3294 971 3346 αὐτὸ
990 3298 1139 3370 ἀπαρα.

139 3362 293 3434 μόθητον
312 3362 559 3434 ὁἌρίσταρχος
577 3364 721 3433 ἀφῆκεν,
740 3382 790 3415 ooo
807 3363 1051 3427 relicturaafmaaet
1067 3371 1139 3423 tund

139 3431 194 3482 aiae
210 3431 306 3483 medela
323 3441 368 3482 our
376 3433 499 3493 somaro.
534 3430 649 3484 Doctum
666 3432 717 3485 hoc
734 3438 775 3485 est
792 3435 820 3485 et
836 3434 970 3483 vetustum
991 3432 1137 3507 Scholion,

136 3497 186 3553 sod
204 3497 280 3554 cuius
296 3503 391 3551 auctor
407 3503 510 3552 textum
527 3499 676 3553 Aristarchi
693 3515 746 3555 non
763 3498 873 3553 viderat.
