2482 3960
465 304 680 365 ·-1te-

97 464 195 521 natum
214 459 374 519 universam
392 456 512 519 formam
531 474 612 518 suam
631 458 777 532 accepisse
796 475 853 518 neo
873 461 989 519 mirum
1004 467 1058 534 est,
1077 463 1102 518 irr

100 535 276 612 gravioribus
295 534 420 607 mendis,
449 534 558 594 lacunis
582 535 756 607 assertisque
781 537 890 608 pannis
913 536 987 597 iere
1008 555 1101 598 omnes

98 620 210 674 veteres
221 618 310 673 testes
325 613 490 686 conspirare
502 627 555 670 nec
568 628 736 670 succensere
749 629 909 685 possumus
924 614 1099 674 Masorethis

99 689 175 764 quod
193 689 275 750 nobis
294 694 402 749 textum
422 689 529 761 passim
548 687 735 762 depravatum
754 689 950 750 tradiderunt
970 693 1029 750 nisi
1048 693 1099 750 onl-

99 783 169 841 pare
189 767 307 826 velimus
327 766 522 826 Herodianum
542 766 586 824 vel
605 764 794 839 Porphyrium
815 767 897 838 quod
919 785 980 827 non
1002 785 1099 842 purum

98 845 254 904 Homerum
276 843 472 903 restituerunt.
510 842 570 915 Ipsi
594 840 715 914 deniqne
736 842 763 900 ei
788 843 838 914 qui
862 843 1004 904 criticam
1026 860 1098 904 exer-

100 919 203 980 cebant
221 921 252 979 in
277 920 369 980 Biblis
389 935 445 980 non
464 919 555 991 magis
576 919 778 992 grammaticas
796 919 935 981 rationes
957 923 1097 982 callebant

100 1013 157 1072 qua
174 995 336 1057 Zenodotus
357 996 506 1069 Origenes.

174 1074 220 1132 An
238 1074 313 1134 bunc
331 1074 478 1146 vulgarem
494 1077 603 1131 textum
624 1072 696 1132 alius
709 1078 759 1132 aut
768 1073 866 1147 plures
880 1075 1096 1147 praecesserint

99 1166 182 1211 nemo
201 1151 232 1208 in
249 1155 332 1210 tanta
350 1149 524 1210 obscuritate
543 1165 640 1208 rerum
656 1167 711 1223 pro
731 1156 809 1209 certo
830 1149 951 1210 dixerit
994 1151 1096 1212 Proba-

100 1227 157 1287 bile
177 1232 273 1286 tamen
293 1233 351 1298 est,
370 1231 498 1286 nostrum
516 1241 573 1285 nou
590 1227 703 1286 unicum
722 1224 811 1286 fuisse
830 1227 860 1285 in
881 1229 990 1301 primis
1011 1229 1042 1286 in
1054 1245 1094 1287 er-

89 1303 311 1362 ⁴cellentioribus
334 1303 369 1361 V.
389 1302 421 1361 T.
441 1301 532 1362 libris.
572 1301 630 1362 Sed
653 1303 699 1362 lrio
723 1308 821 1363 noster
844 1305 979 1377 reliquos
1001 1305 1093 1366 obscu-

100 1380 175 1438 ravit
193 1379 289 1439 nescio
308 1377 411 1451 quibus
430 1376 508 1436 fatis.
540 1378 580 1437 Et
592 1378 778 1438 Alexandrini
791 1379 975 1455 interpretes
990 1382 1093 1456 aliquot

100 1455 188 1517 libros
208 1471 243 1515 ex
262 1455 377 1514 diversa
396 1472 414 1515 a
432 1455 551 1514 Masora
569 1457 736 1517 recensione
755 1457 876 1516 vertisse
898 1465 1029 1520 constat.

176 1532 251 1592 Hinc
270 1531 331 1592 fere
351 1532 437 1592 etiam
456 1536 552 1591 textus
572 1532 691 1592 Homeri
710 1535 836 1607 vulgaris
855 1541 970 1594 noster.

177 1608 235 1670 Sed
252 1610 328 1669 hune
346 1610 493 1682 vulgarem
517 1613 626 1669 textum
649 1611 731 1669 multi
749 1610 864 1684 ingenio
885 1612 973 1670 abusi
994 1613 1092 1672 deinde

101 1685 256 1746 refixeruut
265 1686 352 1746 variis
364 1685 466 1758 modis,
480 1685 652 1757 conjecturis
665 1689 904 1747 contaminarunt
918 1689 1092 1749 iudaeorum

103 1765 227 1838 gravitas
258 1765 325 1834 (non
344 1764 485 1821 succurrit
504 1762 599 1836 aptius
619 1763 798 1835 vocabulum)
818 1765 968 1836 acquievit
989 1764 1092 1825 ierem

102 1841 189 1900 semel
208 1841 317 1913 paratis
337 1840 424 1898 etiam
442 1840 472 1898 irr
491 1840 691 1900 vitiosissimis.
717 1840 824 1899 Tamen
843 1842 948 1900 mirum
972 1843 1091 1902 essetni

103 1916 189 1976 etiam
212 1916 394 1988 conjecturae
418 1917 448 1974 in
471 1921 552 1976 textu
577 1933 659 1977 sacro
686 1923 795 1990 essent,
823 1933 858 1976 ex
882 1919 1090 1992 antiquioribus

102 1992 294 2068 temporibus,
333 1992 434 2066 quibus
465 1993 590 2054 nondum
613 1999 696 2052 tanta
724 1994 893 2068 superstitio
926 1997 1092 2056 invaluisset

85 2077 222 2144 'uterque
241 2071 374 2145 populus
392 2069 600 2143 antiquioribus
619 2070 810 2145 temporibus,
837 2072 892 2130 etsi
912 2073 990 2132 haee
1009 2089 1091 2147 opera

103 2144 281 2205 θεόπνευστα
304 2152 421 2220 putaret
444 2163 501 2206 non
520 2152 616 2207 tamen
635 2147 677 2206 ita
696 2147 800 2206 stultus
821 2151 899 2220 erat,
925 2156 960 2208 ut
982 2150 1091 2222 singula

102 2224 190 2284 verba
209 2224 395 2298 suppeditata
413 2224 559 2295 crederet3
578 2224 676 2296 itaque
697 2225 727 2281 in
744 2224 789 2283 his
810 2225 920 2296 aliquid
934 2227 996 2285 sibi
1009 2228 1090 2285 licere

102 2301 243 2375 putabant
261 2300 406 2373 mutando,
428 2300 614 2373 eroemendo,
633 2301 842 2374 interpolando.
880 2301 965 2362 Idem
981 2304 1050 2362 dein
1061 2304 1089 2360 li-

103 2383 201 2437 center
226 2378 256 2435 in
274 2377 558 2451 interpretationibus
577 2376 693 2450 iactum,
712 2379 767 2436 etsi
783 2377 827 2437 his
847 2395 947 2452 parem
968 2378 1033 2439 lere
1048 2397 1092 2438 au-

103 2454 264 2513 ctoritatem
284 2454 456 2514 tribuebant.
503 2454 623 2514 Omnino
642 2454 789 2514 liberalius
809 2455 979 2529 cogitabant
1004 2472 1091 2529 neque

104 2530 189 2591 aliter
220 2535 356 2604 poterant
384 2531 410 2589 si
440 2526 629 2590 decorabatur
654 2533 792 2592 orationis
811 2533 894 2606 plura
914 2551 973 2594 non
996 2535 1091 2595 eadem

20 2624 23 2631 ·
104 2607 234 2681 exempla
254 2606 347 2666 adhuc
365 2607 396 2664 in
414 2608 545 2667 manibus
566 2615 671 2668 essent.
710 2609 843 2682 Inprimis
863 2617 962 2669 autem
984 2613 1040 2673 hoc
1059 2613 1090 2670 si-

103 2684 170 2744 mile
190 2684 267 2757 qnod
286 2684 315 2743 in
334 2684 464 2757 utrisque
484 2685 618 2759 operibus
638 2688 745 2759 passim
765 2686 844 2745 clara
857 2688 1029 2762 vestiariae)
1050 2707 1092 2748 ex·

104 2766 182 2822 stant
201 2761 415 2835 antiquissimae
439 2759 548 2821 formae
567 2768 599 2821 ut
619 2765 820 2823 commissurae
838 2763 917 2822 haud
936 2765 1028 2837 plane
1048 2766 1091 2827 ob

104 2843 245 2912 scutatae,
265 2839 361 2913 qualia
379 2844 475 2898 tamen
493 2839 559 2898 rudi
578 2840 785 2900 inconstantiae
811 2845 1028 2903 recensentium
1047 2861 1092 2916 po

104 2917 161 2976 tius
194 2932 279 2988 quam
309 2917 427 2977 consilio
457 2922 486 2975 et
515 2915 581 2976 fidei
616 2917 768 2976 tribuenda
796 2923 874 2991 puto.
917 2918 966 2977 Ita
992 2937 1028 2980 ex
1050 2921 1093 2977 his

105 2993 241 3066 exemplis
264 3011 346 3054 nemo
372 2995 488 3068 colligat
507 2994 608 3054 eadem
627 2993 683 3053 fide
703 2999 831 3054 versatos
844 2996 908 3054 illos
922 2995 952 3053 in
966 2997 1093 3069 reliquis.

180 3070 288 3130 Textus
300 3070 450 3131 Hebraeus
469 3077 568 3131 noster
581 3087 616 3130 ex
628 3068 785 3148 παραδόσει
797 3072 931 3145 manavit,
951 3074 1041 3144 plane
1054 3074 1095 3132 sio

105 3147 272 3207 Homericus
294 3153 393 3207 noster
411 3149 545 3221 vulgaris.
584 3149 617 3206 Irr
637 3155 758 3221 utraque
777 3145 935 3225 παραδόσει
951 3149 1094 3221 judicium

106 3223 263 3283 adhibitum
288 3229 333 3283 est
355 3225 508 3285 lectionum
533 3225 610 3298 quod
638 3231 733 3284 tamen
752 3225 834 3285 nobis
853 3223 999 3299 reingere
1019 3229 1094 3286 licet.

106 3301 139 3359 Iu
158 3306 279 3374 utroque
288 3299 444 3378 παράδοσις
462 3302 526 3376 ipsa
545 3318 744 3376 nonnunquam
763 3303 895 3363 mutilate
915 3308 961 3363 est
983 3311 1016 3364 et
1034 3322 1096 3366 cor·

105 3383 199 3451 rupta.

207 3540 244 3609 4⁹)
260 3540 388 3611 exempla.
