2482 3960
551 287 729 340 ..43-

141 434 215 494 forte
235 437 295 494 tale
313 451 371 493 non
390 432 478 493 fuerit
497 433 567 491 illud
581 434 709 505 Homeri,
730 433 856 491 libenter
876 432 1026 490 audiemus
1038 447 1100 504 eos,
1122 451 1143 492 a

142 511 243 584 quibus
257 511 430 569 remittimur
444 510 481 569 ad
495 511 566 568 alios
579 515 690 582 poetas,
712 526 782 581 quos
797 525 883 580 quum
897 509 1008 580 liqueat
1020 509 1143 569 tritissi-

141 604 215 646 mam
228 587 363 645 habuisse
376 593 469 645 artem
483 586 636 657 scribendi,
656 602 755 644 eorum
767 587 866 659 plnres
886 591 983 643 tamen
995 601 1143 656 nusquam

139 664 216 722 Illius
236 665 409 722 mentionem
428 664 524 722 iacere
543 661 680 720 videmus.
715 663 884 733 Quanquam
904 663 1001 734 paullo
1021 661 1142 721 diversa

139 740 264 798 conditio
278 740 392 798 videtur
412 740 589 798 essenorum
604 744 633 796 et
645 738 856 796 Hesiodeorum
868 737 1039 796 Carminnm.
1061 738 1140 798 Nam

139 825 225 887 quum
245 817 275 874 in
294 823 376 874 tanta
395 815 574 888 longitndine
593 816 707 874 illorum
727 820 771 873 tot
793 814 1030 874 consuetudinum
1045 821 1077 874 et
1090 831 1139 874 ce-

138 892 260 952 lebrium
281 894 385 951 artium
398 894 529 966 picturae
542 892 670 950 intextae
685 892 752 963 sint,
772 892 915 963 inprimis
931 907 1037 963 earum,
1059 907 1137 963 quae

137 970 187 1028 illo
207 977 337 1042 tempore
357 971 482 1043 aliquam
502 968 755 1027 admirabilitatem
781 984 817 1025 ex
836 968 964 1026 novitate
983 967 1137 1042 haberent,

137 1047 167 1104 in
179 1047 335 1106 Hesiodeis
355 1055 457 1110 antem,
471 1063 576 1118 magna
595 1063 663 1118 pars
684 1045 862 1103 domesticae
883 1043 1053 1117 disciplinae
1074 1051 1136 1103 tra-

139 1123 233 1197 datur,
253 1125 317 1182 inre
329 1125 489 1196 meritoque
503 1124 616 1194 mirere,
637 1123 662 1180 si
675 1127 778 1179 neuter
791 1121 962 1179 utilissimae
976 1122 1020 1178 rei
1034 1123 1138 1180 memi-

136 1202 220 1258 nerit.
239 1201 342 1272 Neque
356 1217 423 1259 vero
438 1201 508 1258 satis
526 1198 638 1256 firmum
651 1214 705 1270 per
718 1214 749 1255 se
765 1203 843 1255 esset
852 1198 908 1255 boc
922 1203 1135 1270 argumentum,

136 1284 187 1335 aut
207 1277 335 1348 dignum,
353 1277 383 1333 in
403 1293 459 1348 quo
478 1280 631 1347 tantopere
650 1291 681 1332 se
701 1275 845 1332 iactarent
858 1274 914 1331 viri
928 1273 1013 1332 docti.
1049 1274 1136 1345 Quod

137 1353 211 1410 enim
236 1353 278 1410 ita
303 1369 334 1410 se
359 1353 478 1410 credere
504 1350 633 1409 fatentur
651 1351 760 1409 nnllam
783 1356 876 1408 artem
895 1349 1022 1408 Homero
1042 1348 1136 1410 fuisse

136 1429 294 1500 cognitam,
321 1445 395 1498 quae
416 1428 493 1502 apud
514 1444 578 1485 eum
598 1444 655 1485 non
674 1427 851 1499 inveniatur,
876 1426 1040 1484 retunditur
1060 1427 1136 1486 haec

135 1507 211 1563 ratio
233 1505 370 1577 exemplis
390 1505 533 1563 variarum
547 1505 662 1573 artium,
682 1520 753 1574 quas
763 1504 840 1562 nullo
854 1503 918 1561 loco
930 1503 1041 1574 laudat,
1062 1520 1136 1574 qua-

97 1610 122 1646 so
135 1597 198 1639 rum
218 1587 314 1639 tamen
334 1582 402 1639 talis
421 1587 526 1640 natura
546 1585 599 1652 est,
627 1586 659 1637 ut
679 1581 762 1651 aliae,
791 1596 862 1651 quas
883 1596 971 1652 saepe
991 1580 1131 1652 celebrat,

135 1657 197 1715 sine
217 1659 275 1715 illis
296 1658 435 1716 exsistere
457 1663 487 1715 et
505 1658 661 1716 cohaerere
679 1673 737 1716 non
749 1657 927 1728 'potuissent

211 1735 369 1806 Pergamus
390 1735 529 1805 adalind,
550 1734 627 1805 quod
640 1734 731 1804 magis
744 1734 870 1791 continet
885 1749 1009 1790 causam.
1040 1731 1136 1791 Dubi-

134 1816 226 1868 tatum
247 1818 292 1867 est
305 1811 372 1869 oIIm
379 1809 426 1882 40),
447 1828 483 1868 an
502 1827 585 1868 nsum
596 1811 734 1868 elixarum
749 1810 877 1866 carulum
890 1811 966 1875 norit
979 1809 1133 1868 Homerus.

133 1887 198 1945 Non
219 1888 293 1944 enim
306 1886 394 1945 habet
407 1888 525 1946 verbum
539 1882 628 1964 ἕψειν,
648 1901 704 1944 non
719 1885 798 1943 aliud
812 1887 968 1957 potestatis
984 1885 1133 1957 eiusdem3

133 1964 244 2021 nonnisi
268 1980 335 2022 assa
361 1965 479 2037 apponit
505 1964 619 2021 mensis.
660 1961 699 2018 At
726 1978 794 2019 vero
816 1963 865 2033 qui
886 1963 936 2019 illa
954 1963 988 2018 Il.
1009 1981 1039 2038 φ.
1062 1970 1129 2022 362.

134 2039 235 2112 Odyss.
253 2060 283 2117 μ.
305 2043 369 2099 237.
395 2041 499 2099 cecinit
524 2046 554 2098 et
582 2039 687 2097 similia
715 2039 751 2096 de
776 2037 920 2096 lebetibus
940 2039 1001 2110 igni
1021 2039 1133 2110 imponi

133 2117 235 2189 solitis,
256 2133 322 2175 num
335 2119 360 2176 is
375 2119 568 2190 coquinariam
581 2133 643 2174 rem
656 2116 771 2188 penitus
786 2115 921 2187 ignorare
934 2116 1047 2186 potuit?
1069 2116 1134 2174 Nec

132 2193 171 2265 id,
192 2196 302 2267 opinor,
323 2194 494 2253 dubitabant
513 2199 635 2264 veteres,
657 2194 705 2264 qui
725 2193 803 2249 illam
821 2192 1019 2262 quaestionem
1034 2207 1133 2251 move·

131 2269 209 2328 bant.
240 2271 382 2343 Pingcndi
402 2277 504 2344 artem,
524 2286 598 2341 qnae
619 2285 653 2327 eo
674 2269 788 2326 nomine
810 2267 897 2339 digna
917 2269 963 2337 sit,
984 2268 1131 2326 Homerus

131 2347 237 2403 nnllam
258 2345 391 2417 norit41);
412 2348 525 2404 textilia
546 2352 575 2403 et
588 2351 777 2416 cognatarum
797 2344 901 2400 artium
918 2357 1008 2412 opera
1021 2359 1132 2403 memo·

131 2428 178 2478 rat
197 2423 296 2494 multa,
316 2423 458 2494 picturam
478 2422 592 2478 nullam.
625 2421 700 2477 Nam
721 2420 784 2490 quis
805 2433 907 2476 nomen
926 2418 980 2474 hoc
1000 2417 1134 2489 imponat

130 2497 264 2555 rubricae
284 2499 398 2554 narium
418 2503 469 2554 ant
487 2496 642 2569 pigmentis
658 2495 777 2553 caricae
797 2492 978 2566 mulierisffl),
999 2500 1132 2565 quamvis

130 2589 183 2646 per
203 2574 253 2630 illa
272 2575 347 2631 veris
367 2573 488 2645 picturis
507 2573 654 2645 prolusum
674 2572 731 2629 sit?
770 2572 873 2643 Neque
892 2572 1014 2628 militiae
1033 2588 1131 2644 neque

131 2650 208 2707 domi
227 2651 363 2708 usitatam
382 2649 516 2707 heroibus
536 2647 625 2706 fnisse
647 2648 865 2720 equitationem,
887 2654 1008 2718 utraque
1029 2652 1128 2720 poesis

131 2726 208 2783 clare
227 2726 367 2797 loquitur:
405 2742 473 2783 nam
497 2725 671 2798 negligenda
690 2725 772 2783 nobis
795 2731 843 2782 est
863 2727 1020 2783 auctoritas
1041 2728 1127 2784 unius

131 2801 279 2860 cniusdam
298 2803 354 2861 loci
373 2803 406 2860 Il.
428 2823 454 2859 κ.
477 2809 609 2874 513sqq.
630 2802 761 2875 pluribus
783 2801 820 2858 de
844 2802 952 2859 causis:
974 2801 1026 2858 sed
1044 2802 1127 2860 inau-

132 2979 402 3116 14824036I3estigium
422 2985 544 3047 superest
562 2995 604 3048 ap.
622 2979 720 3032 Athen.
738 2981 758 3031 Ι.
776 2994 802 3045 p.
821 2981 863 3031 25.
880 2978 914 3029 D.
939 2977 982 3047 [cf.
1000 2976 1126 3031 Eustatb.

197 3136 233 3190 41,
252 3135 295 3186 Ita
312 3142 386 3188 recte
398 3133 465 3187 Plin.
477 3132 588 3199 XXXV,
601 3138 625 3187 3.
639 3138 705 3186 extr.
742 3131 792 3185 Cui
809 3132 868 3185 loco
889 3146 942 3184 non
961 3129 1127 3195 adversatur,

129 3208 159 3255 ut
177 3202 284 3270 andam
301 3208 405 3269 putant,
424 3203 492 3255 alins
510 3199 628 3255 eiusdem
640 3200 737 3268 operis,
754 3199 880 3266 XXXIII,
899 3201 932 3266 7.,
951 3198 1126 3252 etsiIortasse

129 3286 162 3322 ex
181 3271 285 3326 diverso
303 3270 432 3349 scrIptore
450 3269 558 3336 petitus.
586 3267 730 3323 Confirmat
748 3283 805 3321 rem
822 3267 935 3321 blstoria
946 3267 1043 3320 artium
1052 3267 1125 3334 apud

129 3338 254 3402 Graecos,
273 3339 307 3392 ad
325 3353 401 3393 curus
419 3337 564 3406 scriptores
581 3337 753 3390 amandemus
771 3336 909 3390 lectorem.

197 3423 232 3490 42)
250 3423 280 3476 ΙΙ.
300 3425 323 3475 d.
344 3428 399 3477 141.
418 3437 475 3490 sqq.
510 3418 582 3491 Νῆες
609 3423 748 3485 μέλαιναι,
777 3421 979 3490 μιλτοπάρῃαι,
1008 3436 1122 3488 φοινικο-

129 3491 234 3560 πάρῃαι
250 3491 403 3545 notIssimae
421 3494 484 3543 sunt
501 3505 535 3544 ex
552 3490 642 3545 multis
659 3489 788 3544 versibus.
