2482 3960
517 312 694 370 ..37-

107 465 175 523 solis
196 464 333 523 Romanis
354 462 551 536 tribuaturli),
572 480 607 522 ao
626 463 651 521 si
671 464 717 521 cui
737 462 812 523 forte
831 464 959 537 placebit
979 466 1041 522 eius
1062 481 1107 524 co-

107 541 185 614 piam
205 540 346 612 praebere
366 539 453 611 Mosi,
480 546 512 596 ut
531 541 594 612 ipse
614 539 843 599 Pentateuchum
862 539 1050 612 contexatlli,
1071 558 1106 600 ne

106 618 226 675 linteam
246 616 362 687 quidem
381 615 474 673 Iliada
493 615 575 674 nobis
597 613 759 686 confingere
777 617 856 675 licet.
887 617 990 688 Itaque
1010 617 1107 678 admo

107 693 175 751 dum
195 693 371 751 inconditam
391 696 482 750 artem
501 693 640 750 mansisse
654 698 777 765 apparet
791 698 821 750 et
833 693 1011 752 rarissimum
1025 711 1107 753 usum

109 770 182 839 eius,
204 774 359 840 antequam
380 784 443 826 earn
463 769 493 824 in
506 768 598 827 ovillis
612 769 658 826 vel
672 769 797 841 caprinis
810 769 935 842 pellibus
949 771 1107 842 procedere

109 844 342 902 animadversum
357 850 428 902 erat.
448 844 483 902 ld
497 851 594 903 autern
608 843 644 902 ab
657 845 774 903 Ionibus
788 845 951 904 institutum
960 847 1106 906 luculento

107 923 188 993 loco,
215 937 299 992 quem
319 921 472 992 aliquoties
491 922 661 992 memoravi,
694 919 785 980 refert
804 921 984 994 Herodotus,
1016 939 1106 995 eaque

107 997 164 1055 fuit
184 1014 241 1055 una
260 1014 317 1068 res,
345 1013 419 1069 quae
440 996 600 1055 scribendis
619 997 700 1056 libris
720 999 966 1070 opportunitatem
986 999 1107 1058 haberet

108 1075 300 1145 antiquiorem
319 1072 443 1133 fortasse
453 1089 573 1146 papyro.
607 1074 681 1132 Nam
696 1074 771 1145 quod
784 1073 862 1131 idem
875 1079 975 1133 auctor
988 1077 1107 1135 mentio

107 1166 172 1208 nem
196 1149 267 1208 facit
293 1155 457 1208 cenaturum
486 1150 650 1208 tabularum
660 1147 712 1221 ²⁶),
738 1166 773 1208 ex
797 1150 842 1208 his
863 1156 941 1209 certe
962 1151 1106 1210 volumina

109 1232 139 1284 et
158 1225 225 1285 libri
245 1225 347 1286 confici
366 1227 444 1286 nullo
465 1233 550 1298 pacto
570 1231 735 1298 potueruut.

558 1419 662 1494 XVI.

186 1572 226 1629 At
247 1589 324 1646 vero,
346 1574 371 1630 si
391 1574 441 1631 diu
455 1580 522 1632 ante
537 1575 665 1632 chartam
678 1574 886 1646 Pergamenam
896 1574 1000 1633 radere
1014 1576 1105 1649 pelles
1118 1590 1144 1629 sa

109 1654 139 1706 et
160 1647 198 1706 ad
218 1649 400 1707 scribendum
421 1657 523 1722 aptare
538 1652 633 1724 coepit
645 1651 737 1719 Ionia,
756 1650 890 1721 idemque
905 1653 1036 1723 populus,
1057 1653 1106 1722 qui

108 1725 218 1798 primus
240 1724 375 1783 Carmina
394 1727 557 1798 perpolivit,
578 1727 784 1802 expeditiorem
798 1728 948 1785 materiam
962 1726 1106 1786 scribendi

110 1807 286 1860 commentus
308 1809 361 1874 est,
383 1803 450 1873 quid
473 1804 644 1875 quaerimus,
667 1804 750 1874 quale
772 1819 862 1874 genus
877 1820 973 1862 rerum
987 1821 1106 1863 exaran-

107 1876 151 1936 dis
172 1878 231 1935 suis
254 1877 434 1936 Carminibus
454 1881 601 1952 usurparit
622 1886 702 1937 vates
721 1881 859 1939 Ionicus?
887 1880 1030 1938 Videlicet

262 1951 334 2011 θῖῶν
353 1952 435 2011 πώεα
455 1954 530 2012 καλὰ
550 1954 597 2012 καὶ
616 1953 728 2012 αἰπόλια
746 1950 849 2012 πλατέ’
868 1955 963 2032 adroic.

107 2031 253 2088 Vellcmus
273 2032 470 2091 tantummodo
491 2032 521 2089 id
542 2032 697 2090 adiecisset
709 2032 884 2103 Herodotus,
906 2049 961 2102 quo
975 2038 1104 2104 tempore

107 2122 143 2164 ea
168 2106 346 2164 consuetudo
366 2108 465 2166 Ionum
485 2107 663 2179 frequentari
683 2109 819 2180 coeperit.
861 2108 1028 2179 Quanquam
1048 2124 1104 2165 non

106 2182 222 2240 videtur
241 2182 326 2240 valde
346 2181 530 2254 frequentata
549 2183 655 2255 luisse,
681 2183 706 2240 si
726 2183 841 2254 quidem
861 2181 996 2240 facillime
1017 2183 1104 2240 cessit

107 2259 225 2316 chartae
244 2276 435 2332 papyraceae.
475 2261 628 2318 Enimvero
642 2259 731 2330 illum,
752 2260 776 2316 si
790 2258 874 2317 modo
888 2260 963 2316 aliae
976 2260 1103 2317 rationes

106 2335 235 2406 siverint,
255 2352 312 2394 non
332 2336 436 2408 cupide
456 2335 719 2409 interpretabimur,
745 2336 770 2392 si
789 2335 864 2393 huno
884 2352 965 2394 usum
985 2335 1104 2409 pellium

106 2410 159 2469 sub
187 2411 325 2484 epocham
346 2413 547 2485 Olympiadum
566 2413 712 2471 inductum
737 2411 901 2484 credamus,
928 2418 958 2471 et
981 2413 1103 2486 petitum

106 2486 143 2546 ab
164 2487 368 2560 Orientalibus,
389 2489 466 2561 apud
486 2505 566 2561 quos,
588 2495 620 2546 ut
639 2489 711 2546 alias
730 2488 868 2560 quasdam
881 2489 1021 2549 barbaras
1036 2505 1103 2561 gen·

105 2569 159 2635 tes,
173 2564 295 2621 invaluit
307 2565 421 2637 penitus
436 2571 466 2624 et
479 2566 639 2624 diutissime
653 2566 753 2636 viguit.
775 2565 833 2624 Sed
846 2567 961 2624 utillud
975 2580 1103 2638 sumpse-

104 2640 155 2710 ris,
175 2640 252 2710 qnod
272 2647 302 2698 te
322 2639 418 2699 iacere
439 2649 543 2713 cogent
563 2642 677 2701 collecti
697 2642 801 2699 calculi
822 2643 934 2713 reliqui,
955 2648 1102 2700 tamenne

106 2720 174 2773 tune
185 2716 300 2786 quidem
314 2718 479 2791 expeditam
492 2734 553 2775 rem
567 2724 597 2776 et
611 2718 758 2789 vulgarem
772 2717 878 2776 factam
889 2733 960 2790 essa,
974 2720 1102 2790 ipsarum

174 2875 209 2939 24)
228 2875 407 2943 Sicintellige
426 2876 505 2929 Plinii
522 2877 539 2929 l.
557 2877 589 2942 1.,
614 2892 667 2943 quo
690 2876 732 2928 usi
760 2890 850 2928 sumus
867 2875 895 2926 in
912 2873 953 2926 his
972 2873 1101 2940 omnibns,
1173 2888 1177 2895 ·

106 2958 175 3011 quae
198 2943 232 2996 de
254 2943 440 2997 instrumentis
466 2945 570 3011 priscae
595 2943 746 3010 scripturae
764 2942 939 3009 disputamus.
974 2940 1101 3009 Reliquos

105 3011 177 3064 locos
194 3011 245 3064 hac
263 3010 296 3064 do
314 3027 356 3077 re,
382 3017 409 3064 ot
432 3011 581 3080 singulares
604 3012 685 3064 libros
712 3012 829 3064 virorum
848 3010 999 3076 doctorum,
1018 3014 1101 3061 testes

105 3078 224 3132 excitare
242 3079 308 3131 nihil
326 3079 430 3132 attinet.

152 3163 216 3286 13265)
226 3164 312 3285 IIVide
325 3178 395 3285 {11}oe
414 3164 511 3218 ceteris
529 3163 686 3217 Eichhornii
704 3161 805 3217 Introd.
832 3163 861 3216 in
878 3161 911 3215 V.
939 3163 1012 3216 Test.
1034 3161 1065 3214 T.
1078 3162 1100 3214 I.

103 3248 130 3299 n·
203 3273 209 3284 ·
256 3249 307 3299 -n
378 3273 383 3283 ·

173 3317 208 3381 ²⁶)
226 3315 286 3371 VII.
305 3322 373 3370 extr.
391 3316 419 3369 in
436 3317 548 3371 historia
566 3303 713 3384 Demarati,
730 3316 802 3384 regis
821 3315 1020 3383 Spartanorum.
1048 3313 1109 3367 Sed¹

103 3384 171 3438 illud
194 3384 232 3438 ibi
258 3401 311 3439 non
335 3383 414 3438 affert
431 3393 461 3438 ut
478 3402 584 3439 novum.
621 3385 717 3438 Geram
735 3393 824 3438 autem
843 3383 923 3437 etiam
941 3381 969 3435 in
987 3380 1100 3447 pellibus
1212 3394 1216 3401 ·

103 3452 328 3589 athgbitla2nln4esse
346 3452 486 3521 aprriis,
504 3453 640 3522 ingeniose
658 3451 773 3507 coniecit
783 3449 934 3506 Hemsterh.
952 3448 986 3502 ad
1000 3449 1099 3504 Polluc.
