<?xml version="1.0" encoding="UTF-8"?>
<!DOCTYPE html PUBLIC "-//W3C//DTD XHTML 1.0 Transitional//EN"
    "http://www.w3.org/TR/xhtml1/DTD/xhtml1-transitional.dtd">
<html xmlns="http://www.w3.org/1999/xhtml" xml:lang="en" lang="en">
 <head>
  <title>
</title>
<meta http-equiv="Content-Type" content="text/html;charset=utf-8" />
  <meta name='ocr-system' content='tesseract 3.04.00' />
  <meta name='ocr-capabilities' content='ocr_page ocr_carea ocr_par ocr_line ocrx_word'/>
</head>
<body>
  <div class='ocr_page' id='page_1' title='image "./prolegomenaadho01wolfgoog_0120.png"; bbox 0 0 2482 3960; ppageno 0'>
   <div class='ocr_carea' id='block_1_1' title="bbox 398 293 652 352">
    <p class='ocr_par' dir='ltr' id='par_1_1' title="bbox 398 293 652 352">
     <span class='ocr_line' id='line_1_1' title="bbox 398 293 652 352; baseline -0.004 0"><span class='ocrx_word' id='word_1_1' title='bbox 398 293 652 352; x_wconf 80' lang='grc'>.-97-</span> 
     </span>
    </p>
   </div>
   <div class='ocr_carea' id='block_1_2' title="bbox 13 445 1113 2359">
    <p class='ocr_par' dir='ltr' id='par_1_2' title="bbox 13 445 1113 2359">
     <span class='ocr_line' id='line_1_2' title="bbox 98 445 1113 521; baseline 0.003 -16"><span class='ocrx_word' id='word_1_2' title='bbox 98 450 100 454; x_wconf 73' lang='lat'>‘</span> <span class='ocrx_word' id='word_1_3' title='bbox 137 445 196 505; x_wconf 86' lang='lat' dir='ltr'><strong>Sed</strong></span> <span class='ocrx_word' id='word_1_4' title='bbox 220 445 387 520; x_wconf 82' lang='lat' dir='ltr'><strong>priusquam</strong></span> <span class='ocrx_word' id='word_1_5' title='bbox 413 447 535 505; x_wconf 87' lang='lat' dir='ltr'><strong>alterurn</strong></span> <span class='ocrx_word' id='word_1_6' title='bbox 563 447 689 520; x_wconf 88' lang='lat' dir='ltr'><strong>spatium</strong></span> <span class='ocrx_word' id='word_1_7' title='bbox 714 446 876 519; x_wconf 85' lang='lat' dir='ltr'><strong>ingredior,</strong></span> <span class='ocrx_word' id='word_1_8' title='bbox 903 447 989 506; x_wconf 89' lang='lat' dir='ltr'><strong>velim</strong></span> <span class='ocrx_word' id='word_1_9' title='bbox 1008 465 1061 521; x_wconf 91' lang='lat' dir='ltr'><strong>pro</strong></span> <span class='ocrx_word' id='word_1_10' title='bbox 1076 460 1113 499; x_wconf 72' lang='lat'><strong>1⁵⁹</strong></span> 
     </span>
     <span class='ocr_line' id='line_1_3' title="bbox 59 523 1059 598; baseline 0.002 -18"><span class='ocrx_word' id='word_1_11' title='bbox 59 539 92 581; x_wconf 91' lang='lat' dir='ltr'><strong>se</strong></span> <span class='ocrx_word' id='word_1_12' title='bbox 111 524 232 595; x_wconf 86' lang='lat' dir='ltr'><strong>quisque</strong></span> <span class='ocrx_word' id='word_1_13' title='bbox 257 523 353 583; x_wconf 91' lang='lat' dir='ltr'><strong>animo</strong></span> <span class='ocrx_word' id='word_1_14' title='bbox 373 523 492 596; x_wconf 82' lang='lat' dir='ltr'><strong>colligat</strong></span> <span class='ocrx_word' id='word_1_15' title='bbox 511 525 623 597; x_wconf 92' lang='lat' dir='ltr'><strong>omnia,</strong></span> <span class='ocrx_word' id='word_1_16' title='bbox 650 540 724 596; x_wconf 87' lang='lat' dir='ltr'><strong>qnae</strong></span> <span class='ocrx_word' id='word_1_17' title='bbox 750 524 889 583; x_wconf 86' lang='lat' dir='ltr'><strong>hactenus</strong></span> <span class='ocrx_word' id='word_1_18' title='bbox 910 526 1059 598; x_wconf 78' lang='lat' dir='ltr'>explicavi,</span> 
     </span>
     <span class='ocr_line' id='line_1_4' title="bbox 59 597 1060 675; baseline 0.002 -17"><span class='ocrx_word' id='word_1_19' title='bbox 59 599 218 658; x_wconf 84' lang='lat' dir='ltr'><strong>retexendo</strong></span> <span class='ocrx_word' id='word_1_20' title='bbox 237 597 286 658; x_wconf 88' lang='lat' dir='ltr'><strong>fila</strong></span> <span class='ocrx_word' id='word_1_21' title='bbox 304 600 526 673; x_wconf 85' lang='lat' dir='ltr'><strong>argumentandi</strong></span> <span class='ocrx_word' id='word_1_22' title='bbox 548 616 638 674; x_wconf 81' lang='lat' dir='ltr'>saepe</span> <span class='ocrx_word' id='word_1_23' title='bbox 658 601 823 673; x_wconf 83' lang='lat' dir='ltr'><strong>subtiliora,</strong></span> <span class='ocrx_word' id='word_1_24' title='bbox 850 606 883 659; x_wconf 85' lang='lat' dir='ltr'><strong>ut</strong></span> <span class='ocrx_word' id='word_1_25' title='bbox 910 607 1060 675; x_wconf 80' lang='lat' dir='ltr'>appareat,</span> 
     </span>
     <span class='ocr_line' id='line_1_5' title="bbox 59 675 1061 749; baseline 0.004 -16"><span class='ocrx_word' id='word_1_26' title='bbox 59 675 130 748; x_wconf 92' lang='lat' dir='ltr'><strong>quid</strong></span> <span class='ocrx_word' id='word_1_27' title='bbox 150 677 283 748; x_wconf 79' lang='lat' dir='ltr'><strong>singulae</strong></span> <span class='ocrx_word' id='word_1_28' title='bbox 304 677 446 749; x_wconf 89' lang='lat' dir='ltr'><strong>rationes,</strong></span> <span class='ocrx_word' id='word_1_29' title='bbox 471 677 540 749; x_wconf 90' lang='lat' dir='ltr'><strong>quid</strong></span> <span class='ocrx_word' id='word_1_30' title='bbox 560 678 710 736; x_wconf 87' lang='lat' dir='ltr'><strong>universae</strong></span> <span class='ocrx_word' id='word_1_31' title='bbox 738 677 861 735; x_wconf 87' lang='lat' dir='ltr'><strong>valeant.</strong></span> <span class='ocrx_word' id='word_1_32' title='bbox 900 677 966 736; x_wconf 86' lang='lat' dir='ltr'><strong>Etsi</strong></span> <span class='ocrx_word' id='word_1_33' title='bbox 986 679 1061 737; x_wconf 89' lang='lat' dir='ltr'><strong>enim</strong></span> 
     </span>
     <span class='ocr_line' id='line_1_6' title="bbox 58 753 1061 827; baseline 0.004 -18"><span class='ocrx_word' id='word_1_34' title='bbox 58 753 90 810; x_wconf 92' lang='lat' dir='ltr'><strong>in</strong></span> <span class='ocrx_word' id='word_1_35' title='bbox 111 753 216 811; x_wconf 85' lang='lat' dir='ltr'><strong>iunctis</strong></span> <span class='ocrx_word' id='word_1_36' title='bbox 237 758 267 811; x_wconf 94' lang='lat' dir='ltr'><strong>et</strong></span> <span class='ocrx_word' id='word_1_37' title='bbox 286 754 369 825; x_wconf 87' lang='lat' dir='ltr'><strong>quasi</strong></span> <span class='ocrx_word' id='word_1_38' title='bbox 388 753 567 827; x_wconf 79' lang='lat' dir='ltr'><strong>conglobatis</strong></span> <span class='ocrx_word' id='word_1_39' title='bbox 579 753 769 827; x_wconf 78' lang='lat' dir='ltr'><strong>probabilitas</strong></span> <span class='ocrx_word' id='word_1_40' title='bbox 784 760 837 826; x_wconf 89' lang='lat' dir='ltr'><strong>est,</strong></span> <span class='ocrx_word' id='word_1_41' title='bbox 860 754 935 812; x_wconf 85' lang='lat' dir='ltr'><strong>sicut</strong></span> <span class='ocrx_word' id='word_1_42' title='bbox 952 756 982 812; x_wconf 93' lang='lat' dir='ltr'><strong>in</strong></span> <span class='ocrx_word' id='word_1_43' title='bbox 999 756 1061 813; x_wconf 92' lang='lat' dir='ltr'><strong>iun-</strong></span> 
     </span>
     <span class='ocr_line' id='line_1_7' title="bbox 59 829 1062 905; baseline 0.004 -19"><span class='ocrx_word' id='word_1_44' title='bbox 59 829 116 887; x_wconf 86' lang='lat' dir='ltr'><strong>ctis</strong></span> <span class='ocrx_word' id='word_1_45' title='bbox 140 829 275 887; x_wconf 89' lang='lat' dir='ltr'><strong>membris</strong></span> <span class='ocrx_word' id='word_1_46' title='bbox 300 831 428 904; x_wconf 89' lang='lat' dir='ltr'><strong>corporis</strong></span> <span class='ocrx_word' id='word_1_47' title='bbox 447 831 647 905; x_wconf 88' lang='lat' dir='ltr'><strong>pulchritudo,</strong></span> <span class='ocrx_word' id='word_1_48' title='bbox 667 837 765 889; x_wconf 88' lang='lat' dir='ltr'><strong>tamen</strong></span> <span class='ocrx_word' id='word_1_49' title='bbox 785 831 899 903; x_wconf 86' lang='lat' dir='ltr'><strong>singula</strong></span> <span class='ocrx_word' id='word_1_50' title='bbox 917 838 1062 891; x_wconf 90' lang='lat' dir='ltr'><strong>momenta</strong></span> 
     </span>
     <span class='ocr_line' id='line_1_8' title="bbox 57 906 1060 980; baseline 0 -16"><span class='ocrx_word' id='word_1_51' title='bbox 57 921 113 978; x_wconf 90' lang='lat' dir='ltr'><strong>per</strong></span> <span class='ocrx_word' id='word_1_52' title='bbox 138 921 169 964; x_wconf 87' lang='lat' dir='ltr'><strong>sc</strong></span> <span class='ocrx_word' id='word_1_53' title='bbox 195 911 311 979; x_wconf 83' lang='lat' dir='ltr'><strong>oportet</strong></span> <span class='ocrx_word' id='word_1_54' title='bbox 335 923 399 966; x_wconf 89' lang='lat' dir='ltr'><strong>eam</strong></span> <span class='ocrx_word' id='word_1_55' title='bbox 423 909 481 965; x_wconf 85' lang='lat' dir='ltr'><strong>vim</strong></span> <span class='ocrx_word' id='word_1_56' title='bbox 501 907 627 980; x_wconf 87' lang='lat' dir='ltr'><strong>habere,</strong></span> <span class='ocrx_word' id='word_1_57' title='bbox 654 913 687 965; x_wconf 89' lang='lat' dir='ltr'><strong>ut</strong></span> <span class='ocrx_word' id='word_1_58' title='bbox 713 906 821 978; x_wconf 87' lang='lat' dir='ltr'><strong>ahquid</strong></span> <span class='ocrx_word' id='word_1_59' title='bbox 847 907 957 966; x_wconf 87' lang='lat' dir='ltr'><strong>addant</strong></span> <span class='ocrx_word' id='word_1_60' title='bbox 975 909 1060 966; x_wconf 89' lang='lat' dir='ltr'><strong>lanci.</strong></span> 
     </span>
     <span class='ocr_line' id='line_1_9' title="bbox 58 981 1061 1057; baseline 0.002 -16"><span class='ocrx_word' id='word_1_61' title='bbox 58 981 91 1041; x_wconf 83' lang='lat' dir='ltr'><strong>Si</strong></span> <span class='ocrx_word' id='word_1_62' title='bbox 110 982 140 1039; x_wconf 91' lang='lat' dir='ltr'><strong>in</strong></span> <span class='ocrx_word' id='word_1_63' title='bbox 159 983 301 1042; x_wconf 89' lang='lat' dir='ltr'><strong>nonnullis</strong></span> <span class='ocrx_word' id='word_1_64' title='bbox 320 985 386 1057; x_wconf 85' lang='lat' dir='ltr'><strong>plus</strong></span> <span class='ocrx_word' id='word_1_65' title='bbox 406 984 495 1042; x_wconf 93' lang='lat' dir='ltr'><strong>tribui</strong></span> <span class='ocrx_word' id='word_1_66' title='bbox 515 983 766 1056; x_wconf 88' lang='lat' dir='ltr'><strong>verisimilitudini,</strong></span> <span class='ocrx_word' id='word_1_67' title='bbox 793 1000 878 1054; x_wconf 90' lang='lat' dir='ltr'><strong>quam</strong></span> <span class='ocrx_word' id='word_1_68' title='bbox 899 1000 1001 1042; x_wconf 89' lang='lat' dir='ltr'><strong>severa</strong></span> <span class='ocrx_word' id='word_1_69' title='bbox 1013 986 1061 1043; x_wconf 84' lang='lat' dir='ltr'><strong>lex</strong></span> 
     </span>
     <span class='ocr_line' id='line_1_10' title="bbox 56 1058 1061 1134; baseline 0.003 -18"><span class='ocrx_word' id='word_1_70' title='bbox 56 1058 197 1118; x_wconf 86' lang='lat' dir='ltr'><strong>historiae</strong></span> <span class='ocrx_word' id='word_1_71' title='bbox 216 1061 318 1132; x_wconf 91' lang='lat' dir='ltr'><strong>poscit,</strong></span> <span class='ocrx_word' id='word_1_72' title='bbox 339 1078 396 1120; x_wconf 92' lang='lat' dir='ltr'><strong>non</strong></span> <span class='ocrx_word' id='word_1_73' title='bbox 416 1060 448 1118; x_wconf 89' lang='lat' dir='ltr'><strong>id</strong></span> <span class='ocrx_word' id='word_1_74' title='bbox 467 1077 533 1119; x_wconf 88' lang='lat' dir='ltr'><strong>mee</strong></span> <span class='ocrx_word' id='word_1_75' title='bbox 553 1061 639 1133; x_wconf 90' lang='lat' dir='ltr'><strong>culpa</strong></span> <span class='ocrx_word' id='word_1_76' title='bbox 658 1058 767 1118; x_wconf 83' lang='lat' dir='ltr'><strong>iactum</strong></span> <span class='ocrx_word' id='word_1_77' title='bbox 787 1066 841 1132; x_wconf 89' lang='lat' dir='ltr'><strong>est,</strong></span> <span class='ocrx_word' id='word_1_78' title='bbox 866 1059 919 1119; x_wconf 93' lang='lat' dir='ltr'><strong>sed</strong></span> <span class='ocrx_word' id='word_1_79' title='bbox 939 1062 1061 1134; x_wconf 91' lang='lat' dir='ltr'><strong>penuria</strong></span> 
     </span>
     <span class='ocr_line' id='line_1_11' title="bbox 57 1136 1060 1210; baseline 0.002 -17"><span class='ocrx_word' id='word_1_80' title='bbox 57 1136 186 1208; x_wconf 89' lang='lat' dir='ltr'><strong>testium,</strong></span> <span class='ocrx_word' id='word_1_81' title='bbox 207 1151 326 1208; x_wconf 91' lang='lat' dir='ltr'><strong>quorum</strong></span> <span class='ocrx_word' id='word_1_82' title='bbox 346 1153 383 1195; x_wconf 92' lang='lat' dir='ltr'><strong>ne</strong></span> <span class='ocrx_word' id='word_1_83' title='bbox 403 1143 514 1196; x_wconf 87' lang='lat' dir='ltr'><strong>tanturn</strong></span> <span class='ocrx_word' id='word_1_84' title='bbox 536 1137 653 1208; x_wconf 90' lang='lat' dir='ltr'><strong>quidem</strong></span> <span class='ocrx_word' id='word_1_85' title='bbox 667 1152 816 1194; x_wconf 90' lang='lat' dir='ltr'><strong>numerum</strong></span> <span class='ocrx_word' id='word_1_86' title='bbox 832 1143 1017 1210; x_wconf 87' lang='lat' dir='ltr'><strong>exspectares</strong></span> <span class='ocrx_word' id='word_1_87' title='bbox 1031 1138 1060 1195; x_wconf 92' lang='lat' dir='ltr'><strong>in</strong></span> 
     </span>
     <span class='ocr_line' id='line_1_12' title="bbox 57 1212 1059 1286; baseline 0.001 -16"><span class='ocrx_word' id='word_1_88' title='bbox 57 1217 118 1270; x_wconf 88' lang='lat' dir='ltr'><strong>tam</strong></span> <span class='ocrx_word' id='word_1_89' title='bbox 137 1213 263 1284; x_wconf 87' lang='lat' dir='ltr'><strong>antiquis</strong></span> <span class='ocrx_word' id='word_1_90' title='bbox 284 1220 314 1272; x_wconf 88' lang='lat' dir='ltr'><strong>et</strong></span> <span class='ocrx_word' id='word_1_91' title='bbox 332 1213 446 1274; x_wconf 92' lang='lat' dir='ltr'><strong>occulto</strong></span> <span class='ocrx_word' id='word_1_92' title='bbox 458 1213 656 1272; x_wconf 89' lang='lat' dir='ltr'><strong>crescentibus</strong></span> <span class='ocrx_word' id='word_1_93' title='bbox 670 1212 770 1271; x_wconf 93' lang='lat' dir='ltr'><strong>rebus:</strong></span> <span class='ocrx_word' id='word_1_94' title='bbox 792 1219 872 1272; x_wconf 87' lang='lat' dir='ltr'><strong>certe</strong></span> <span class='ocrx_word' id='word_1_95' title='bbox 885 1214 1059 1286; x_wconf 83' lang='lat' dir='ltr'><strong>egonullum</strong></span> 
     </span>
     <span class='ocr_line' id='line_1_13' title="bbox 57 1287 1059 1362; baseline 0.003 -16"><span class='ocrx_word' id='word_1_96' title='bbox 57 1287 152 1348; x_wconf 90' lang='lat' dir='ltr'><strong>locum</strong></span> <span class='ocrx_word' id='word_1_97' title='bbox 176 1291 284 1348; x_wconf 85' lang='lat' dir='ltr'><strong>veteris</strong></span> <span class='ocrx_word' id='word_1_98' title='bbox 309 1291 435 1350; x_wconf 87' lang='lat' dir='ltr'><strong>auctoris</strong></span> <span class='ocrx_word' id='word_1_99' title='bbox 464 1291 558 1349; x_wconf 92' lang='lat' dir='ltr'><strong>sciens</strong></span> <span class='ocrx_word' id='word_1_100' title='bbox 586 1289 696 1349; x_wconf 91' lang='lat' dir='ltr'><strong>detorsi</strong></span> <span class='ocrx_word' id='word_1_101' title='bbox 720 1290 750 1346; x_wconf 93' lang='lat' dir='ltr'><strong>in</strong></span> <span class='ocrx_word' id='word_1_102' title='bbox 770 1290 857 1348; x_wconf 87' lang='lat' dir='ltr'><strong>aliam</strong></span> <span class='ocrx_word' id='word_1_103' title='bbox 877 1292 1059 1362; x_wconf 89' lang='lat' dir='ltr'><strong>sententiam,</strong></span> 
     </span>
     <span class='ocr_line' id='line_1_14' title="bbox 58 1367 1059 1440; baseline 0.001 -16"><span class='ocrx_word' id='word_1_104' title='bbox 58 1380 144 1436; x_wconf 86' lang='lat' dir='ltr'><strong>quarn</strong></span> <span class='ocrx_word' id='word_1_105' title='bbox 171 1381 245 1437; x_wconf 87' lang='lat' dir='ltr'><strong>quae</strong></span> <span class='ocrx_word' id='word_1_106' title='bbox 269 1383 339 1425; x_wconf 86' lang='lat' dir='ltr'><strong>vera</strong></span> <span class='ocrx_word' id='word_1_107' title='bbox 367 1372 397 1426; x_wconf 88' lang='lat' dir='ltr'><strong>ct</strong></span> <span class='ocrx_word' id='word_1_108' title='bbox 422 1368 548 1440; x_wconf 85' lang='lat' dir='ltr'><strong>genuina</strong></span> <span class='ocrx_word' id='word_1_109' title='bbox 580 1367 729 1425; x_wconf 88' lang='lat' dir='ltr'><strong>videretur</strong></span> <span class='ocrx_word' id='word_1_110' title='bbox 753 1367 815 1424; x_wconf 90' lang='lat' dir='ltr'><strong>sine</strong></span> <span class='ocrx_word' id='word_1_111' title='bbox 840 1367 899 1426; x_wconf 91' lang='lat' dir='ltr'><strong>ullo</strong></span> <span class='ocrx_word' id='word_1_112' title='bbox 923 1375 1059 1440; x_wconf 91' lang='lat' dir='ltr'><strong>respectu</strong></span> 
     </span>
     <span class='ocr_line' id='line_1_15' title="bbox 57 1441 1059 1517; baseline 0.003 -17"><span class='ocrx_word' id='word_1_113' title='bbox 57 1441 143 1500; x_wconf 85' lang='lat' dir='ltr'><strong>huius</strong></span> <span class='ocrx_word' id='word_1_114' title='bbox 162 1444 348 1514; x_wconf 87' lang='lat' dir='ltr'><strong>quaestionis.</strong></span> <span class='ocrx_word' id='word_1_115' title='bbox 390 1445 482 1516; x_wconf 78' lang='lat' dir='ltr'><strong>Quam</strong></span> <span class='ocrx_word' id='word_1_116' title='bbox 508 1460 569 1502; x_wconf 90' lang='lat' dir='ltr'><strong>rem</strong></span> <span class='ocrx_word' id='word_1_117' title='bbox 594 1443 680 1502; x_wconf 90' lang='lat' dir='ltr'><strong>facile</strong></span> <span class='ocrx_word' id='word_1_118' title='bbox 700 1459 745 1501; x_wconf 90' lang='lat' dir='ltr'><strong>me</strong></span> <span class='ocrx_word' id='word_1_119' title='bbox 765 1442 953 1516; x_wconf 88' lang='lat' dir='ltr'><strong>probaturum</strong></span> <span class='ocrx_word' id='word_1_120' title='bbox 974 1461 1059 1517; x_wconf 91' lang='lat' dir='ltr'><strong>spero</strong></span> 
     </span>
     <span class='ocr_line' id='line_1_16' title="bbox 58 1517 1059 1593; baseline 0.004 -17"><span class='ocrx_word' id='word_1_121' title='bbox 58 1517 152 1576; x_wconf 86' lang='lat' dir='ltr'><strong>doctis</strong></span> <span class='ocrx_word' id='word_1_122' title='bbox 172 1520 312 1593; x_wconf 91' lang='lat' dir='ltr'><strong>omnibus,</strong></span> <span class='ocrx_word' id='word_1_123' title='bbox 335 1521 422 1580; x_wconf 88' lang='lat' dir='ltr'><strong>etiam</strong></span> <span class='ocrx_word' id='word_1_124' title='bbox 442 1521 488 1593; x_wconf 91' lang='lat' dir='ltr'><strong>iis,</strong></span> <span class='ocrx_word' id='word_1_125' title='bbox 509 1520 612 1592; x_wconf 91' lang='lat' dir='ltr'><strong>quibus</strong></span> <span class='ocrx_word' id='word_1_126' title='bbox 633 1521 735 1579; x_wconf 87' lang='lat' dir='ltr'><strong>ductas</strong></span> <span class='ocrx_word' id='word_1_127' title='bbox 756 1536 792 1578; x_wconf 86' lang='lat' dir='ltr'><strong>ex</strong></span> <span class='ocrx_word' id='word_1_128' title='bbox 810 1520 868 1578; x_wconf 90' lang='lat' dir='ltr'><strong>illis</strong></span> <span class='ocrx_word' id='word_1_129' title='bbox 887 1521 958 1579; x_wconf 86' lang='lat' dir='ltr'><strong>locis</strong></span> <span class='ocrx_word' id='word_1_130' title='bbox 971 1521 1059 1580; x_wconf 89' lang='lat' dir='ltr'><strong>ratio·</strong></span> 
     </span>
     <span class='ocr_line' id='line_1_17' title="bbox 57 1595 1059 1671; baseline 0.003 -19"><span class='ocrx_word' id='word_1_131' title='bbox 57 1595 216 1654; x_wconf 89' lang='lat' dir='ltr'><strong>cinationes</strong></span> <span class='ocrx_word' id='word_1_132' title='bbox 241 1613 298 1656; x_wconf 94' lang='lat' dir='ltr'><strong>non</strong></span> <span class='ocrx_word' id='word_1_133' title='bbox 326 1597 471 1671; x_wconf 91' lang='lat' dir='ltr'><strong>probabo,</strong></span> <span class='ocrx_word' id='word_1_134' title='bbox 497 1599 671 1670; x_wconf 91' lang='lat' dir='ltr'><strong>praesertim</strong></span> <span class='ocrx_word' id='word_1_135' title='bbox 696 1603 871 1669; x_wconf 88' lang='lat' dir='ltr'><strong>postremam</strong></span> <span class='ocrx_word' id='word_1_136' title='bbox 890 1597 976 1668; x_wconf 86' lang='lat' dir='ltr'><strong>hanc,</strong></span> <span class='ocrx_word' id='word_1_137' title='bbox 1002 1614 1059 1668; x_wconf 89' lang='lat' dir='ltr'><strong>qua</strong></span> 
     </span>
     <span class='ocr_line' id='line_1_18' title="bbox 57 1669 1059 1747; baseline 0.001 -18"><span class='ocrx_word' id='word_1_138' title='bbox 57 1669 189 1744; x_wconf 86' lang='lat' dir='ltr'><strong>artificii,</strong></span> <span class='ocrx_word' id='word_1_139' title='bbox 214 1673 291 1744; x_wconf 89' lang='lat' dir='ltr'><strong>quod</strong></span> <span class='ocrx_word' id='word_1_140' title='bbox 315 1678 467 1747; x_wconf 87' lang='lat' dir='ltr'><strong>tantopere</strong></span> <span class='ocrx_word' id='word_1_141' title='bbox 501 1673 692 1745; x_wconf 85' lang='lat' dir='ltr'><strong>admirantur,</strong></span> <span class='ocrx_word' id='word_1_142' title='bbox 723 1673 845 1745; x_wconf 80' lang='lat' dir='ltr'><strong>gloriam</strong></span> <span class='ocrx_word' id='word_1_143' title='bbox 871 1674 998 1732; x_wconf 93' lang='lat' dir='ltr'><strong>Homero</strong></span> <span class='ocrx_word' id='word_1_144' title='bbox 1023 1689 1059 1731; x_wconf 81' lang='lat' dir='ltr'><strong>ex</strong></span> 
     </span>
     <span class='ocr_line' id='line_1_19' title="bbox 56 1747 1058 1822; baseline 0.002 -16"><span class='ocrx_word' id='word_1_145' title='bbox 56 1753 141 1822; x_wconf 87' lang='lat' dir='ltr'><strong>parte</strong></span> <span class='ocrx_word' id='word_1_146' title='bbox 162 1747 278 1807; x_wconf 83' lang='lat' dir='ltr'><strong>auferre</strong></span> <span class='ocrx_word' id='word_1_147' title='bbox 298 1768 385 1809; x_wconf 90' lang='lat' dir='ltr'><strong>ausus</strong></span> <span class='ocrx_word' id='word_1_148' title='bbox 406 1767 477 1809; x_wconf 89' lang='lat' dir='ltr'><strong>sum.</strong></span> <span class='ocrx_word' id='word_1_149' title='bbox 510 1751 574 1809; x_wconf 93' lang='lat' dir='ltr'><strong>Hoc</strong></span> <span class='ocrx_word' id='word_1_150' title='bbox 594 1751 727 1808; x_wconf 91' lang='lat' dir='ltr'><strong>nimirum</strong></span> <span class='ocrx_word' id='word_1_151' title='bbox 747 1750 901 1822; x_wconf 86' lang='lat' dir='ltr'><strong>perpaucis</strong></span> <span class='ocrx_word' id='word_1_152' title='bbox 922 1751 978 1808; x_wconf 89' lang='lat' dir='ltr'><strong>erit</strong></span> <span class='ocrx_word' id='word_1_153' title='bbox 998 1765 1058 1808; x_wconf 90' lang='lat' dir='ltr'><strong>crc-</strong></span> 
     </span>
     <span class='ocr_line' id='line_1_20' title="bbox 57 1823 1057 1900; baseline 0.003 -19"><span class='ocrx_word' id='word_1_154' title='bbox 57 1823 156 1897; x_wconf 90' lang='lat' dir='ltr'><strong>dibile,</strong></span> <span class='ocrx_word' id='word_1_155' title='bbox 175 1823 272 1885; x_wconf 86' lang='lat' dir='ltr'><strong>forsan</strong></span> <span class='ocrx_word' id='word_1_156' title='bbox 292 1844 328 1887; x_wconf 88' lang='lat' dir='ltr'><strong>ne</strong></span> <span class='ocrx_word' id='word_1_157' title='bbox 347 1833 408 1886; x_wconf 91' lang='lat' dir='ltr'><strong>tum</strong></span> <span class='ocrx_word' id='word_1_158' title='bbox 429 1827 554 1900; x_wconf 90' lang='lat' dir='ltr'><strong>quidem,</strong></span> <span class='ocrx_word' id='word_1_159' title='bbox 577 1844 664 1900; x_wconf 92' lang='lat' dir='ltr'><strong>quum</strong></span> <span class='ocrx_word' id='word_1_160' title='bbox 685 1831 919 1898; x_wconf 87' lang='lat' dir='ltr'><strong>argumentorum</strong></span> <span class='ocrx_word' id='word_1_161' title='bbox 932 1827 1057 1885; x_wconf 90' lang='lat' dir='ltr'><strong>omnium</strong></span> 
     </span>
     <span class='ocr_line' id='line_1_21' title="bbox 13 1901 1056 1977; baseline 0.003 -19"><span class='ocrx_word' id='word_1_162' title='bbox 13 1961 18 1970; x_wconf 64' lang='grc'><strong>,</strong></span> <span class='ocrx_word' id='word_1_163' title='bbox 55 1901 186 1974; x_wconf 88' lang='lat' dir='ltr'><strong>pondero</strong></span> <span class='ocrx_word' id='word_1_164' title='bbox 210 1903 376 1963; x_wconf 88' lang='lat' dir='ltr'><strong>obruentur.</strong></span> <span class='ocrx_word' id='word_1_165' title='bbox 419 1905 452 1962; x_wconf 93' lang='lat' dir='ltr'><strong>In</strong></span> <span class='ocrx_word' id='word_1_166' title='bbox 478 1905 525 1962; x_wconf 93' lang='lat' dir='ltr'><strong>his</strong></span> <span class='ocrx_word' id='word_1_167' title='bbox 552 1905 628 1963; x_wconf 87' lang='lat' dir='ltr'><strong>enirn</strong></span> <span class='ocrx_word' id='word_1_168' title='bbox 658 1920 730 1977; x_wconf 86' lang='lat' dir='ltr'><strong>opus</strong></span> <span class='ocrx_word' id='word_1_169' title='bbox 752 1909 797 1962; x_wconf 89' lang='lat' dir='ltr'><strong>est</strong></span> <span class='ocrx_word' id='word_1_170' title='bbox 817 1919 903 1961; x_wconf 87' lang='lat' dir='ltr'><strong>sensu</strong></span> <span class='ocrx_word' id='word_1_171' title='bbox 923 1902 1056 1975; x_wconf 90' lang='lat' dir='ltr'><strong>quodam,</strong></span> 
     </span>
     <span class='ocr_line' id='line_1_22' title="bbox 56 1978 1056 2053; baseline 0.001 -18"><span class='ocrx_word' id='word_1_172' title='bbox 56 1992 143 2050; x_wconf 90' lang='lat' dir='ltr'><strong>quem</strong></span> <span class='ocrx_word' id='word_1_173' title='bbox 161 1978 213 2037; x_wconf 87' lang='lat' dir='ltr'><strong>illa</strong></span> <span class='ocrx_word' id='word_1_174' title='bbox 231 1997 288 2039; x_wconf 92' lang='lat' dir='ltr'><strong>non</strong></span> <span class='ocrx_word' id='word_1_175' title='bbox 308 1981 439 2040; x_wconf 87' lang='lat' dir='ltr'><strong>afferunt.</strong></span> <span class='ocrx_word' id='word_1_176' title='bbox 472 1981 547 2040; x_wconf 91' lang='lat' dir='ltr'><strong>Mihi</strong></span> <span class='ocrx_word' id='word_1_177' title='bbox 567 1998 644 2053; x_wconf 87' lang='lat' dir='ltr'><strong>vero,</strong></span> <span class='ocrx_word' id='word_1_178' title='bbox 666 1981 725 2038; x_wconf 85' lang='lat' dir='ltr'><strong>sive</strong></span> <span class='ocrx_word' id='word_1_179' title='bbox 739 1981 867 2052; x_wconf 90' lang='lat' dir='ltr'><strong>ipsorum</strong></span> <span class='ocrx_word' id='word_1_180' title='bbox 881 1979 1056 2038; x_wconf 88' lang='lat' dir='ltr'><strong>Graecorum</strong></span> 
     </span>
     <span class='ocr_line' id='line_1_23' title="bbox 56 2054 1108 2130; baseline 0.006 -18"><span class='ocrx_word' id='word_1_181' title='bbox 56 2055 118 2114; x_wconf 85' lang='lat' dir='ltr'><strong>sive</strong></span> <span class='ocrx_word' id='word_1_182' title='bbox 139 2055 260 2114; x_wconf 85' lang='lat' dir='ltr'><strong>aliarum</strong></span> <span class='ocrx_word' id='word_1_183' title='bbox 280 2058 409 2130; x_wconf 85' lang='lat' dir='ltr'><strong>gentium</strong></span> <span class='ocrx_word' id='word_1_184' title='bbox 428 2073 601 2130; x_wconf 84' lang='lat' dir='ltr'><strong>progressus</strong></span> <span class='ocrx_word' id='word_1_185' title='bbox 623 2059 746 2128; x_wconf 89' lang='lat' dir='ltr'><strong>intueor,</strong></span> <span class='ocrx_word' id='word_1_186' title='bbox 766 2054 839 2113; x_wconf 89' lang='lat' dir='ltr'><strong>illud</strong></span> <span class='ocrx_word' id='word_1_187' title='bbox 857 2055 972 2113; x_wconf 90' lang='lat' dir='ltr'><strong>minime</strong></span> <span class='ocrx_word' id='word_1_188' title='bbox 993 2071 1054 2113; x_wconf 90' lang='lat' dir='ltr'><strong>cre·</strong></span> <span class='ocrx_word' id='word_1_189' title='bbox 1072 2081 1108 2120; x_wconf 81' lang='lat' dir='ltr'><strong>roo</strong></span> 
     </span>
     <span class='ocr_line' id='line_1_24' title="bbox 55 2130 1058 2208; baseline 0 -19"><span class='ocrx_word' id='word_1_190' title='bbox 55 2130 147 2190; x_wconf 91' lang='lat' dir='ltr'><strong>dibile</strong></span> <span class='ocrx_word' id='word_1_191' title='bbox 160 2131 283 2208; x_wconf 79' lang='lat' dir='ltr'><strong>videtur,</strong></span> <span class='ocrx_word' id='word_1_192' title='bbox 304 2134 380 2207; x_wconf 92' lang='lat' dir='ltr'><strong>quod</strong></span> <span class='ocrx_word' id='word_1_193' title='bbox 394 2134 513 2192; x_wconf 90' lang='lat' dir='ltr'><strong>credere</strong></span> <span class='ocrx_word' id='word_1_194' title='bbox 528 2134 714 2204; x_wconf 86' lang='lat' dir='ltr'><strong>assuevimus,</strong></span> <span class='ocrx_word' id='word_1_195' title='bbox 727 2132 801 2189; x_wconf 89' lang='lat' dir='ltr'><strong>haec</strong></span> <span class='ocrx_word' id='word_1_196' title='bbox 813 2131 885 2189; x_wconf 87' lang='lat' dir='ltr'><strong>talia</strong></span> <span class='ocrx_word' id='word_1_197' title='bbox 898 2131 954 2190; x_wconf 92' lang='lat' dir='ltr'><strong>duo</strong></span> <span class='ocrx_word' id='word_1_198' title='bbox 968 2147 1058 2203; x_wconf 88' lang='lat' dir='ltr'><strong>opera</strong></span> 
     </span>
     <span class='ocr_line' id='line_1_25' title="bbox 55 2207 1058 2286; baseline -0.001 -21"><span class='ocrx_word' id='word_1_199' title='bbox 55 2209 142 2267; x_wconf 88' lang='lat' dir='ltr'><strong>unius</strong></span> <span class='ocrx_word' id='word_1_200' title='bbox 161 2209 269 2281; x_wconf 82' lang='lat' dir='ltr'><strong>ingenii</strong></span> <span class='ocrx_word' id='word_1_201' title='bbox 289 2217 410 2286; x_wconf 89' lang='lat' dir='ltr'><strong>repente</strong></span> <span class='ocrx_word' id='word_1_202' title='bbox 431 2226 466 2268; x_wconf 83' lang='lat' dir='ltr'><strong>ex</strong></span> <span class='ocrx_word' id='word_1_203' title='bbox 478 2210 610 2268; x_wconf 89' lang='lat' dir='ltr'><strong>tenebris</strong></span> <span class='ocrx_word' id='word_1_204' title='bbox 626 2208 830 2282; x_wconf 87' lang='lat' dir='ltr'><strong>splendescere</strong></span> <span class='ocrx_word' id='word_1_205' title='bbox 844 2212 874 2266; x_wconf 86' lang='lat' dir='ltr'><strong>et</strong></span> <span class='ocrx_word' id='word_1_206' title='bbox 886 2207 981 2265; x_wconf 89' lang='lat' dir='ltr'><strong>nitore</strong></span> <span class='ocrx_word' id='word_1_207' title='bbox 993 2223 1058 2281; x_wconf 92' lang='lat' dir='ltr'><strong>par-</strong></span> 
     </span>
     <span class='ocr_line' id='line_1_26' title="bbox 54 2286 998 2359; baseline -0.003 -16"><span class='ocrx_word' id='word_1_208' title='bbox 54 2286 129 2344; x_wconf 90' lang='lat' dir='ltr'><strong>tium</strong></span> <span class='ocrx_word' id='word_1_209' title='bbox 149 2291 180 2345; x_wconf 89' lang='lat' dir='ltr'><strong>et</strong></span> <span class='ocrx_word' id='word_1_210' title='bbox 197 2288 295 2347; x_wconf 89' lang='lat' dir='ltr'><strong>multis</strong></span> <span class='ocrx_word' id='word_1_211' title='bbox 315 2287 485 2359; x_wconf 79' lang='lat' dir='ltr'><strong>magnisque</strong></span> <span class='ocrx_word' id='word_1_212' title='bbox 505 2287 661 2346; x_wconf 87' lang='lat' dir='ltr'><strong>virtutibus</strong></span> <span class='ocrx_word' id='word_1_213' title='bbox 682 2301 809 2344; x_wconf 89' lang='lat' dir='ltr'><strong>summae</strong></span> <span class='ocrx_word' id='word_1_214' title='bbox 829 2290 998 2358; x_wconf 86' lang='lat' dir='ltr'><strong>perpetuae.</strong></span> 
     </span>
    </p>
   </div>
   <div class='ocr_carea' id='block_1_3' title="bbox 465 2497 645 2573">
    <p class='ocr_par' dir='ltr' id='par_1_3' title="bbox 465 2497 645 2573">
     <span class='ocr_line' id='line_1_27' title="bbox 465 2497 645 2573; baseline -0.011 -1"><span class='ocrx_word' id='word_1_215' title='bbox 465 2497 645 2573; x_wconf 89' lang='lat' dir='ltr'>XXXVI.</span> 
     </span>
    </p>
   </div>
   <div class='ocr_carea' id='block_1_4' title="bbox 43 2667 1055 3127">
    <p class='ocr_par' dir='ltr' id='par_1_4' title="bbox 43 2667 1055 3127">
     <span class='ocr_line' id='line_1_28' title="bbox 135 2667 1055 2740; baseline -0.002 -15"><span class='ocrx_word' id='word_1_216' title='bbox 135 2672 230 2726; x_wconf 84' lang='lat' dir='ltr'><strong>Altera</strong></span> <span class='ocrx_word' id='word_1_217' title='bbox 249 2681 324 2727; x_wconf 81' lang='lat' dir='ltr'><strong>actos</strong></span> <span class='ocrx_word' id='word_1_218' title='bbox 344 2687 362 2729; x_wconf 88' lang='lat' dir='ltr'><strong>a</strong></span> <span class='ocrx_word' id='word_1_219' title='bbox 381 2671 566 2727; x_wconf 70' lang='lat' dir='ltr'><strong>Pisistratidas</strong></span> <span class='ocrx_word' id='word_1_220' title='bbox 585 2669 623 2727; x_wconf 85' lang='lat' dir='ltr'><strong>ad</strong></span> <span class='ocrx_word' id='word_1_221' title='bbox 638 2671 803 2724; x_wconf 83' lang='lat' dir='ltr'><strong>Zeacdotcm</strong></span> <span class='ocrx_word' id='word_1_222' title='bbox 816 2682 873 2726; x_wconf 90' lang='lat'>11011</span> <span class='ocrx_word' id='word_1_223' title='bbox 886 2667 976 2725; x_wconf 85' lang='lat' dir='ltr'><strong>multo</strong></span> <span class='ocrx_word' id='word_1_224' title='bbox 990 2667 1055 2740; x_wconf 88' lang='lat' dir='ltr'><strong>plus</strong></span> 
     </span>
     <span class='ocr_line' id='line_1_29' title="bbox 55 2743 1055 2821; baseline -0.003 -18"><span class='ocrx_word' id='word_1_225' title='bbox 55 2746 129 2804; x_wconf 87' lang='lat' dir='ltr'><strong>lucis</strong></span> <span class='ocrx_word' id='word_1_226' title='bbox 149 2747 238 2806; x_wconf 89' lang='lat' dir='ltr'><strong>habet</strong></span> <span class='ocrx_word' id='word_1_227' title='bbox 257 2764 343 2820; x_wconf 87' lang='lat' dir='ltr'><strong>quam</strong></span> <span class='ocrx_word' id='word_1_228' title='bbox 362 2748 413 2806; x_wconf 88' lang='lat' dir='ltr'><strong>illa</strong></span> <span class='ocrx_word' id='word_1_229' title='bbox 433 2748 533 2821; x_wconf 89' lang='lat' dir='ltr'><strong>prima.</strong></span> <span class='ocrx_word' id='word_1_230' title='bbox 576 2744 661 2817; x_wconf 79' lang='lat' dir='ltr'><strong>Quod</strong></span> <span class='ocrx_word' id='word_1_231' title='bbox 681 2743 763 2802; x_wconf 91' lang='lat' dir='ltr'><strong>nobis</strong></span> <span class='ocrx_word' id='word_1_232' title='bbox 786 2749 831 2801; x_wconf 88' lang='lat' dir='ltr'><strong>est</strong></span> <span class='ocrx_word' id='word_1_233' title='bbox 850 2743 936 2801; x_wconf 86' lang='lat' dir='ltr'><strong>valde</strong></span> <span class='ocrx_word' id='word_1_234' title='bbox 957 2743 1055 2802; x_wconf 90' lang='lat' dir='ltr'><strong>dolen·</strong></span> 
     </span>
     <span class='ocr_line' id='line_1_30' title="bbox 55 2819 1054 2896; baseline -0.007 -15"><span class='ocrx_word' id='word_1_235' title='bbox 55 2822 134 2896; x_wconf 89' lang='lat' dir='ltr'><strong>dum,</strong></span> <span class='ocrx_word' id='word_1_236' title='bbox 155 2825 289 2895; x_wconf 90' lang='lat' dir='ltr'><strong>quoniam</strong></span> <span class='ocrx_word' id='word_1_237' title='bbox 308 2825 338 2883; x_wconf 92' lang='lat' dir='ltr'><strong>in</strong></span> <span class='ocrx_word' id='word_1_238' title='bbox 359 2840 394 2882; x_wconf 90' lang='lat' dir='ltr'><strong>ea</strong></span> <span class='ocrx_word' id='word_1_239' title='bbox 414 2824 539 2896; x_wconf 86' lang='lat' dir='ltr'><strong>origines</strong></span> <span class='ocrx_word' id='word_1_240' title='bbox 560 2819 747 2893; x_wconf 90' lang='lat' dir='ltr'><strong>quaerendae</strong></span> <span class='ocrx_word' id='word_1_241' title='bbox 768 2825 835 2877; x_wconf 88' lang='lat' dir='ltr'><strong>sunt</strong></span> <span class='ocrx_word' id='word_1_242' title='bbox 854 2819 945 2877; x_wconf 89' lang='lat' dir='ltr'><strong>omnis</strong></span> <span class='ocrx_word' id='word_1_243' title='bbox 965 2820 1054 2875; x_wconf 91' lang='lat' dir='ltr'><strong>inter·</strong></span> 
     </span>
     <span class='ocr_line' id='line_1_31' title="bbox 54 2893 1055 2974; baseline -0.005 -18"><span class='ocrx_word' id='word_1_244' title='bbox 54 2901 244 2974; x_wconf 78' lang='lat' dir='ltr'><strong>prelationis,</strong></span> <span class='ocrx_word' id='word_1_245' title='bbox 269 2917 344 2973; x_wconf 90' lang='lat' dir='ltr'><strong>quae</strong></span> <span class='ocrx_word' id='word_1_246' title='bbox 369 2901 482 2973; x_wconf 89' lang='lat' dir='ltr'><strong>quidem</strong></span> <span class='ocrx_word' id='word_1_247' title='bbox 510 2899 588 2972; x_wconf 90' lang='lat' dir='ltr'><strong>apud</strong></span> <span class='ocrx_word' id='word_1_248' title='bbox 614 2903 728 2956; x_wconf 85' lang='lat' dir='ltr'><strong>veteres</strong></span> <span class='ocrx_word' id='word_1_249' title='bbox 753 2896 783 2952; x_wconf 93' lang='lat' dir='ltr'><strong>in</strong></span> <span class='ocrx_word' id='word_1_250' title='bbox 803 2911 858 2952; x_wconf 89' lang='lat' dir='ltr'><strong>usu</strong></span> <span class='ocrx_word' id='word_1_251' title='bbox 877 2893 940 2952; x_wconf 88' lang='lat' dir='ltr'><strong>fuit.</strong></span> <span class='ocrx_word' id='word_1_252' title='bbox 980 2895 1055 2952; x_wconf 88' lang='lat' dir='ltr'><strong>Nam</strong></span> 
     </span>
     <span class='ocr_line' id='line_1_32' title="bbox 56 2971 1054 3049; baseline -0.009 -14"><span class='ocrx_word' id='word_1_253' title='bbox 56 2982 213 3049; x_wconf 86' lang='lat' dir='ltr'><strong>antequam</strong></span> <span class='ocrx_word' id='word_1_254' title='bbox 237 2992 300 3036; x_wconf 86' lang='lat' dir='ltr'><strong>earn</strong></span> <span class='ocrx_word' id='word_1_255' title='bbox 324 2975 513 3036; x_wconf 83' lang='lat' dir='ltr'><strong>refertissima</strong></span> <span class='ocrx_word' id='word_1_256' title='bbox 541 2974 647 3033; x_wconf 89' lang='lat' dir='ltr'><strong>litteris</strong></span> <span class='ocrx_word' id='word_1_257' title='bbox 673 2977 756 3032; x_wconf 90' lang='lat' dir='ltr'><strong>aetas</strong></span> <span class='ocrx_word' id='word_1_258' title='bbox 782 2971 891 3030; x_wconf 90' lang='lat' dir='ltr'><strong>maiore</strong></span> <span class='ocrx_word' id='word_1_259' title='bbox 911 2976 1054 3045; x_wconf 89' lang='lat' dir='ltr'><strong>apparatu</strong></span> 
     </span>
     <span class='ocr_line' id='line_1_33' title="bbox 43 3047 1055 3127; baseline -0.013 -11"><span class='ocrx_word' id='word_1_260' title='bbox 43 3052 293 3126; x_wconf 76' lang='lat' dir='ltr'><strong>aggrediebatur,</strong></span> <span class='ocrx_word' id='word_1_261' title='bbox 312 3054 488 3127; x_wconf 91' lang='lat' dir='ltr'><strong>Philosophi,</strong></span> <span class='ocrx_word' id='word_1_262' title='bbox 515 3052 670 3125; x_wconf 88' lang='lat' dir='ltr'><strong>Sophistae</strong></span> <span class='ocrx_word' id='word_1_263' title='bbox 692 3049 790 3107; x_wconf 86' lang='lat' dir='ltr'><strong>etalii</strong></span> <span class='ocrx_word' id='word_1_264' title='bbox 810 3047 972 3107; x_wconf 88' lang='lat' dir='ltr'><strong>liberaliter</strong></span> <span class='ocrx_word' id='word_1_265' title='bbox 987 3063 1055 3121; x_wconf 89' lang='lat' dir='ltr'><strong>eru·</strong></span> 
     </span>
    </p>
   </div>
   <div class='ocr_carea' id='block_1_5' title="bbox 54 3206 1054 3428">
    <p class='ocr_par' dir='ltr' id='par_1_5' title="bbox 54 3206 1054 3428">
     <span class='ocr_line' id='line_1_34' title="bbox 54 3206 1054 3308; baseline -0.003 -19"><span class='ocrx_word' id='word_1_266' title='bbox 54 3206 199 3307; x_wconf 78' lang='lat' dir='ltr'><strong>vestigium</strong></span> <span class='ocrx_word' id='word_1_267' title='bbox 216 3238 288 3293; x_wconf 89' lang='lat' dir='ltr'><strong>illins</strong></span> <span class='ocrx_word' id='word_1_268' title='bbox 305 3239 462 3308; x_wconf 86' lang='lat' dir='ltr'><strong>suspicionis</strong></span> <span class='ocrx_word' id='word_1_269' title='bbox 480 3241 565 3293; x_wconf 88' lang='lat' dir='ltr'><strong>lateat</strong></span> <span class='ocrx_word' id='word_1_270' title='bbox 581 3239 610 3292; x_wconf 95' lang='lat' dir='ltr'><strong>in</strong></span> <span class='ocrx_word' id='word_1_271' title='bbox 627 3237 751 3292; x_wconf 86' lang='lat' dir='ltr'><strong>mutilato</strong></span> <span class='ocrx_word' id='word_1_272' title='bbox 769 3235 828 3291; x_wconf 93' lang='lat' dir='ltr'><strong>loco</strong></span> <span class='ocrx_word' id='word_1_273' title='bbox 839 3233 918 3288; x_wconf 89' lang='lat' dir='ltr'><strong>Vitae</strong></span> <span class='ocrx_word' id='word_1_274' title='bbox 936 3233 1054 3301; x_wconf 89' lang='lat' dir='ltr'><strong>Homeri,</strong></span> 
     </span>
     <span class='ocr_line' id='line_1_35' title="bbox 55 3300 1054 3428; baseline -0.005 -69"><span class='ocrx_word' id='word_1_275' title='bbox 55 3320 126 3428; x_wconf 40' lang='lat' dir='ltr'><strong>*aaa</strong></span> <span class='ocrx_word' id='word_1_276' title='bbox 153 3321 170 3360; x_wconf 84' lang='lat' dir='ltr'><strong>a</strong></span> <span class='ocrx_word' id='word_1_277' title='bbox 188 3306 336 3386; x_wconf 72' lang='lat' dir='ltr'><strong>Tychsenio</strong></span> <span class='ocrx_word' id='word_1_278' title='bbox 360 3308 510 3362; x_wconf 86' lang='lat' dir='ltr'><strong>accuratius</strong></span> <span class='ocrx_word' id='word_1_279' title='bbox 534 3323 614 3375; x_wconf 91' lang='lat' dir='ltr'><strong>quam</strong></span> <span class='ocrx_word' id='word_1_280' title='bbox 638 3304 809 3361; x_wconf 81' lang='lat' dir='ltr'><strong>antecedite</strong></span> <span class='ocrx_word' id='word_1_281' title='bbox 827 3309 868 3356; x_wconf 85' lang='lat' dir='ltr'><strong>est</strong></span> <span class='ocrx_word' id='word_1_282' title='bbox 885 3301 913 3354; x_wconf 94' lang='lat' dir='ltr'><strong>in</strong></span> <span class='ocrx_word' id='word_1_283' title='bbox 930 3300 1054 3368; x_wconf 85' lang='lat' dir='ltr'><strong>Appeud.</strong></span> 
     </span>
    </p>
   </div>
   <div class='ocr_carea' id='block_1_6' title="bbox 80 3366 1055 3513">
    <p class='ocr_par' dir='ltr' id='par_1_6' title="bbox 80 3366 1055 3513">
     <span class='ocr_line' id='line_1_36' title="bbox 80 3366 1055 3444; baseline -0.008 -16"><span class='ocrx_word' id='word_1_284' title='bbox 80 3388 135 3428; x_wconf 73' lang='lat' dir='ltr'><strong>acc.</strong></span> <span class='ocrx_word' id='word_1_285' title='bbox 151 3373 173 3428; x_wconf 88' lang='lat' dir='ltr'><strong>I.</strong></span> <span class='ocrx_word' id='word_1_286' title='bbox 190 3374 259 3428; x_wconf 78' lang='lat' dir='ltr'><strong>Bibl.</strong></span> <span class='ocrx_word' id='word_1_287' title='bbox 278 3375 413 3443; x_wconf 72' lang='lat' dir='ltr'><strong>boetting.</strong></span> <span class='ocrx_word' id='word_1_288' title='bbox 430 3391 457 3442; x_wconf 87' lang='lat' dir='ltr'><strong>p.</strong></span> <span class='ocrx_word' id='word_1_289' title='bbox 475 3380 527 3430; x_wconf 91' lang='lat'>11.:</span> <span class='ocrx_word' id='word_1_290' title='bbox 547 3373 572 3428; x_wconf 92' lang='grc' dir='ltr'><strong><em>Γ</em></strong></span> <span class='ocrx_word' id='word_1_291' title='bbox 569 3377 600 3443; x_wconf 70' lang='grc' dir='ltr'><strong>ἐγ</strong></span> <span class='ocrx_word' id='word_1_292' title='bbox 620 3392 675 3444; x_wconf 82' lang='grc' dir='ltr'><strong>αφε</strong></span> <span class='ocrx_word' id='word_1_293' title='bbox 693 3374 813 3442; x_wconf 83' lang='grc' dir='ltr'><em>ποιήσεις</em></span> <span class='ocrx_word' id='word_1_294' title='bbox 827 3370 886 3438; x_wconf 79' lang='grc' dir='ltr'><strong>δύο,</strong></span> <span class='ocrx_word' id='word_1_295' title='bbox 903 3366 999 3421; x_wconf 77' lang='grc' dir='ltr'><strong><em>Ἰλιάδα</em></strong></span> <span class='ocrx_word' id='word_1_296' title='bbox 1010 3369 1055 3421; x_wconf 77' lang='grc' dir='ltr'><strong>καὶ</strong></span> 
     </span>
     <span class='ocr_line' id='line_1_37' title="bbox 592 3395 1053 3513; baseline -0.011 -17"><span class='ocrx_word' id='word_1_297' title='bbox 592 3395 753 3513; x_wconf 49' lang='grc' dir='ltr'><strong><em>ἴφαιροῦσιν</em></strong></span> <span class='ocrx_word' id='word_1_298' title='bbox 773 3440 865 3493; x_wconf 76' lang='grc' dir='ltr'><strong><em>αὐτοῦ.</em></strong></span> <span class='ocrx_word' id='word_1_299' title='bbox 905 3435 1053 3508; x_wconf 80' lang='lat' dir='ltr'><strong>[Thiersch.</strong></span> 
     </span>
    </p>
   </div>
   <div class='ocr_carea' id='block_1_7' title="bbox 52 3439 574 3579">
    <p class='ocr_par' dir='ltr' id='par_1_7' title="bbox 52 3439 574 3579">
     <span class='ocr_line' id='line_1_38' title="bbox 52 3439 574 3504; baseline 0.006 -11"><span class='ocrx_word' id='word_1_300' title='bbox 52 3439 226 3495; x_wconf 72' lang='grc' dir='ltr'><strong><em>Ὀδύσσειαν·</em></strong></span> <span class='ocrx_word' id='word_1_301' title='bbox 250 3441 341 3496; x_wconf 82' lang='grc' dir='ltr'><em>Ξένων</em></span> <span class='ocrx_word' id='word_1_302' title='bbox 368 3444 412 3495; x_wconf 81' lang='grc' dir='ltr'><strong>καὶ</strong></span> <span class='ocrx_word' id='word_1_303' title='bbox 425 3442 574 3504; x_wconf 81' lang='grc' dir='ltr'><em>Ἑλλάνικος</em></span> 
     </span>
     <span class='ocr_line' id='line_1_39' title="bbox 54 3509 418 3579; baseline 0.008 -17"><span class='ocrx_word' id='word_1_304' title='bbox 54 3511 118 3563; x_wconf 80' lang='lat' dir='ltr'><strong>Act.</strong></span> <span class='ocrx_word' id='word_1_305' title='bbox 136 3509 243 3565; x_wconf 83' lang='lat' dir='ltr'><strong>Monac.</strong></span> <span class='ocrx_word' id='word_1_306' title='bbox 260 3516 284 3565; x_wconf 79' lang='lat'><strong>2.</strong></span> <span class='ocrx_word' id='word_1_307' title='bbox 302 3527 328 3579; x_wconf 90' lang='lat' dir='ltr'><strong>p.</strong></span> <span class='ocrx_word' id='word_1_308' title='bbox 346 3511 418 3579; x_wconf 83' lang='grc'>578]</span> 
     </span>
    </p>
   </div>
   <div class='ocr_carea' id='block_1_8' title="bbox 81 3604 900 3656">
    <p class='ocr_par' dir='ltr' id='par_1_8' title="bbox 81 3604 900 3656">
     <span class='ocr_line' id='line_1_40' title="bbox 81 3604 900 3656; baseline -0.004 -11"><span class='ocrx_word' id='word_1_309' title='bbox 81 3604 169 3656; x_wconf 78' lang='lat' dir='ltr'><strong>well,</strong></span> <span class='ocrx_word' id='word_1_310' title='bbox 183 3606 350 3656; x_wconf 77' lang='lat' dir='ltr'><strong>Prolegomena.</strong></span> <span class='ocrx_word' id='word_1_311' title='bbox 888 3604 900 3642; x_wconf 86' lang='lat' dir='ltr'><strong>&#39;l</strong></span> 
     </span>
    </p>
   </div>
   <div class='ocr_carea' id='block_1_9' title="bbox 0 0 1246 3960">
    <p class='ocr_par' dir='ltr' id='par_1_9' title="bbox 0 0 1246 3960">
     <span class='ocr_line' id='line_1_41' title="bbox 0 0 1246 3960; baseline 0 1"><span class='ocrx_word' id='word_1_312' title='bbox 0 0 1246 3960; x_wconf 95' lang='lat' dir='ltr'><strong> </strong></span> 
     </span>
    </p>
   </div>
  </div>
 </body>
</html>
