2482 3960
503 305 615 365 -179
647 337 682 346 -

176 461 252 533 [Hoc
266 475 378 530 qnoque
398 459 491 516 simiis
511 459 586 529 quod
606 474 659 530 par
678 459 707 514 in
726 462 847 529 utroque
868 473 955 530 opere
976 463 1087 530 strages

98 536 177 597 tuoto
195 542 242 595 est
259 540 386 594 veterum
407 551 525 608 operum
545 535 582 593 ed
601 535 651 593 ilia
670 534 841 593 illustranda
860 539 890 592 et
909 533 1088 592 emendanda

101 613 314 688 pertinentium.
355 612 443 683 Quasi
462 627 515 684 per
534 612 686 684 caliginem
705 610 976 679 animadverterem)
996 613 1087 683 possi-

98 708 160 749 mus
181 706 216 748 eo
243 706 317 760 quoe
330 688 408 746 oiroa
427 685 576 766 διασκευήν
595 693 625 746 et
642 705 707 746 mox
729 689 793 746 aliis
806 688 897 747 modis
910 686 987 746 facta
999 691 1087 761 sunt].

102 768 149 827 Sio
168 765 286 826 Masona
306 765 471 838 saepissime
491 766 520 822 in
540 765 719 838 corruptelas
739 769 834 822 textus
853 764 979 836 vulgaris
998 765 1088 824 nostri

99 843 265 916 conspirut3
300 843 377 900 idem
402 841 506 901 oceidit
535 857 733 911 nonnunquam
757 841 787 898 in
816 840 957 913 Homero,
986 847 1019 898 nt
1042 859 1088 899 su·
1175 876 1178 880 Α

101 925 201 994 specte
220 919 284 980 loeo
310 923 339 976 et
358 918 494 977 lectiones
513 919 636 978 omnium
657 916 833 978 Soholiorum
853 922 882 976 et
899 915 1090 993 πῳαδόσεως

101 996 273 1056 anctoritate
292 994 490 1054 defendentur.

177 1073 295 1132 Mosora
313 1072 409 1130 multis
428 1070 545 1144 ineptiis
560 1074 590 1128 et
603 1068 723 1128 exilibus
736 1071 1001 1145 superstitiosisque
1013 1088 1088 1130 eom-

100 1151 203 1209 mentis
223 1149 355 1222 oppleto3
374 1149 447 1207 hoec
460 1147 608 1220 congeries
622 1145 798 1206 Scholiorum
810 1164 866 1207 non
880 1152 960 1206 earet
973 1147 1087 1206 talibus.

99 1228 164 1286 Etsi
185 1226 288 1286 Graeci
308 1226 395 1284 aliter
414 1225 546 1297 delirant,
566 1224 652 1282 oliter
669 1223 788 1296 Judaei3
815 1230 846 1284 et
865 1224 950 1283 aliter
969 1224 1018 1296 qni
1036 1225 1089 1282 lin-

102 1320 177 1439 guiae
198 1301 412 1416 grommetienm
431 1302 571 1362 rationem
591 1305 671 1360 tenet
690 1301 774 1361 aliter
793 1302 842 1375 qui
862 1318 924 1361 eom
937 1319 993 1361 non
1006 1307 1089 1360 ournt

100 1383 130 1438 in
151 1386 232 1440 ootus
264 1383 284 1449 i.

177 1455 295 1513 Musoro
316 1460 346 1512 et
357 1453 471 1512 Scholia
488 1454 607 1514 Homeri
628 1454 755 1529 Corpora
775 1462 841 1516 sunt
860 1456 980 1516 diversis
995 1456 1088 1514 diver-

102 1549 198 1591 sarum
218 1535 345 1589 aetatum
367 1530 578 1589 excussionibus
598 1533 780 1603 eompleteta.

102 1643 300 1654 -n———n

202 1709 238 1776 ⁵⁰)
254 1705 351 1761 ridere.
454 1705 587 1776 ⁵1)rudis.

316 3408 386 3458 'syon
400 3408 551 3458 Drosgoriouis
564 3408 589 3450 0.
604 3410 702 3453 Foiohtii
717 3413 876 3455 Berolinousio.

366 3544 493 3596 sumptibus
506 3545 530 3588 8.
544 3545 640 3594 colvm
653 3547 743 3599 ejusque
756 3549 819 3591 nonii.
