<?xml version="1.0" encoding="UTF-8"?>
<!DOCTYPE html PUBLIC "-//W3C//DTD XHTML 1.0 Transitional//EN"
    "http://www.w3.org/TR/xhtml1/DTD/xhtml1-transitional.dtd">
<html xmlns="http://www.w3.org/1999/xhtml" xml:lang="en" lang="en">
 <head>
  <title>
</title>
<meta http-equiv="Content-Type" content="text/html;charset=utf-8" />
  <meta name='ocr-system' content='tesseract 3.04.00' />
  <meta name='ocr-capabilities' content='ocr_page ocr_carea ocr_par ocr_line ocrx_word'/>
</head>
<body>
  <div class='ocr_page' id='page_1' title='image "./prolegomenaadho01wolfgoog_0111.png"; bbox 0 0 2482 3960; ppageno 0'>
   <div class='ocr_carea' id='block_1_1' title="bbox 558 303 735 359">
    <p class='ocr_par' dir='ltr' id='par_1_1' title="bbox 558 303 735 359">
     <span class='ocr_line' id='line_1_1' title="bbox 558 303 735 359; baseline 0 -18"><span class='ocrx_word' id='word_1_1' title='bbox 558 303 735 359; x_wconf 76' lang='lat' dir='ltr'><strong>..gg-</strong></span> 
     </span>
    </p>
   </div>
   <div class='ocr_carea' id='block_1_2' title="bbox 96 447 1150 1684">
    <p class='ocr_par' dir='ltr' id='par_1_2' title="bbox 96 447 1150 1684">
     <span class='ocr_line' id='line_1_2' title="bbox 148 447 1150 514; baseline 0.005 -5"><span class='ocrx_word' id='word_1_2' title='bbox 148 455 277 509; x_wconf 88' lang='lat' dir='ltr'><strong>nsrratu.</strong></span> <span class='ocrx_word' id='word_1_3' title='bbox 315 448 432 508; x_wconf 80' lang='lat' dir='ltr'><strong>Etenim</strong></span> <span class='ocrx_word' id='word_1_4' title='bbox 455 450 499 507; x_wconf 92' lang='lat' dir='ltr'><strong>illi</strong></span> <span class='ocrx_word' id='word_1_5' title='bbox 520 447 585 508; x_wconf 81' lang='lat' dir='ltr'><strong>iere</strong></span> <span class='ocrx_word' id='word_1_6' title='bbox 604 449 758 510; x_wconf 82' lang='lat' dir='ltr'><strong>Pisistrato</strong></span> <span class='ocrx_word' id='word_1_7' title='bbox 786 450 858 510; x_wconf 89' lang='lat' dir='ltr'><strong>dare</strong></span> <span class='ocrx_word' id='word_1_8' title='bbox 877 451 1015 511; x_wconf 88' lang='lat' dir='ltr'><strong>videntur</strong></span> <span class='ocrx_word' id='word_1_9' title='bbox 1034 453 1150 514; x_wconf 85' lang='lat' dir='ltr'><strong>codices</strong></span> 
     </span>
     <span class='ocr_line' id='line_1_3' title="bbox 149 524 1150 602; baseline 0.003 -17"><span class='ocrx_word' id='word_1_10' title='bbox 149 527 326 599; x_wconf 83' lang='lat' dir='ltr'><strong>singularum</strong></span> <span class='ocrx_word' id='word_1_11' title='bbox 345 526 580 600; x_wconf 68' lang='lat' dir='ltr'>rhapsodiam,</span> <span class='ocrx_word' id='word_1_12' title='bbox 606 531 731 600; x_wconf 82' lang='lat' dir='ltr'><strong>apo‘eta</strong></span> <span class='ocrx_word' id='word_1_13' title='bbox 754 524 842 600; x_wconf 89' lang='lat' dir='ltr'><strong>forte,</strong></span> <span class='ocrx_word' id='word_1_14' title='bbox 868 533 901 586; x_wconf 90' lang='lat' dir='ltr'><strong>nt</strong></span> <span class='ocrx_word' id='word_1_15' title='bbox 920 527 1027 587; x_wconf 87' lang='lat' dir='ltr'><strong>Snidss</strong></span> <span class='ocrx_word' id='word_1_16' title='bbox 1055 530 1150 602; x_wconf 89' lang='lat' dir='ltr'><strong>docet,</strong></span> 
     </span>
     <span class='ocr_line' id='line_1_4' title="bbox 96 601 1149 680; baseline 0.009 -24"><span class='ocrx_word' id='word_1_17' title='bbox 96 616 134 657; x_wconf 82' lang='lat' dir='ltr'><strong>ns</strong></span> <span class='ocrx_word' id='word_1_18' title='bbox 148 603 179 661; x_wconf 89' lang='lat' dir='ltr'><strong>in</strong></span> <span class='ocrx_word' id='word_1_19' title='bbox 199 601 286 662; x_wconf 88' lang='lat' dir='ltr'><strong>variis</strong></span> <span class='ocrx_word' id='word_1_20' title='bbox 306 603 434 675; x_wconf 87' lang='lat' dir='ltr'><strong>urbibus,</strong></span> <span class='ocrx_word' id='word_1_21' title='bbox 454 619 526 675; x_wconf 90' lang='lat' dir='ltr'><strong>quas</strong></span> <span class='ocrx_word' id='word_1_22' title='bbox 546 603 672 675; x_wconf 92' lang='lat' dir='ltr'><strong>obierat,</strong></span> <span class='ocrx_word' id='word_1_23' title='bbox 699 603 816 663; x_wconf 88' lang='lat' dir='ltr'><strong>relictos</strong></span> <span class='ocrx_word' id='word_1_24' title='bbox 837 603 931 663; x_wconf 88' lang='lat' dir='ltr'><strong>dicam</strong></span> <span class='ocrx_word' id='word_1_25' title='bbox 951 621 990 663; x_wconf 91' lang='lat' dir='ltr'><strong>an</strong></span> <span class='ocrx_word' id='word_1_26' title='bbox 1009 607 1149 680; x_wconf 85' lang='lat' dir='ltr'><strong>oppigne-</strong></span> 
     </span>
     <span class='ocr_line' id='line_1_5' title="bbox 146 679 1149 755; baseline 0.006 -19"><span class='ocrx_word' id='word_1_27' title='bbox 146 684 240 738; x_wconf 90' lang='lat' dir='ltr'><strong>ratos:</strong></span> <span class='ocrx_word' id='word_1_28' title='bbox 261 679 306 736; x_wconf 92' lang='lat' dir='ltr'><strong>his</strong></span> <span class='ocrx_word' id='word_1_29' title='bbox 326 679 473 738; x_wconf 78' lang='lat' dir='ltr'><strong>codicibus</strong></span> <span class='ocrx_word' id='word_1_30' title='bbox 492 680 664 738; x_wconf 89' lang='lat' dir='ltr'><strong>instructum</strong></span> <span class='ocrx_word' id='word_1_31' title='bbox 676 680 757 738; x_wconf 90' lang='lat' dir='ltr'><strong>illum</strong></span> <span class='ocrx_word' id='word_1_32' title='bbox 770 680 891 739; x_wconf 90' lang='lat' dir='ltr'><strong>credere</strong></span> <span class='ocrx_word' id='word_1_33' title='bbox 904 681 1051 754; x_wconf 84' lang='lat' dir='ltr'><strong>videntur,</strong></span> <span class='ocrx_word' id='word_1_34' title='bbox 1073 685 1149 755; x_wconf 86' lang='lat' dir='ltr'><strong>(narn</strong></span> 
     </span>
     <span class='ocr_line' id='line_1_6' title="bbox 148 753 1150 830; baseline 0.005 -16"><span class='ocrx_word' id='word_1_35' title='bbox 148 753 289 814; x_wconf 84' lang='lat' dir='ltr'><strong>affirmate</strong></span> <span class='ocrx_word' id='word_1_36' title='bbox 309 756 388 827; x_wconf 94' lang='lat' dir='ltr'><strong>loqui</strong></span> <span class='ocrx_word' id='word_1_37' title='bbox 406 773 464 816; x_wconf 93' lang='lat' dir='ltr'><strong>non</strong></span> <span class='ocrx_word' id='word_1_38' title='bbox 484 756 614 828; x_wconf 74' lang='lat' dir='ltr'><strong>audent)</strong></span> <span class='ocrx_word' id='word_1_39' title='bbox 635 754 830 816; x_wconf 82' lang='lat' dir='ltr'><strong>confusionem</strong></span> <span class='ocrx_word' id='word_1_40' title='bbox 850 758 1002 830; x_wconf 75' lang='lat' dir='ltr'><strong>paullatim</strong></span> <span class='ocrx_word' id='word_1_41' title='bbox 1022 775 1042 817; x_wconf 87' lang='lat' dir='ltr'><strong>a</strong></span> <span class='ocrx_word' id='word_1_42' title='bbox 1062 761 1150 819; x_wconf 84' lang='lat' dir='ltr'><strong>sarci·</strong></span> 
     </span>
     <span class='ocr_line' id='line_1_7' title="bbox 147 831 1148 906; baseline 0.006 -16"><span class='ocrx_word' id='word_1_43' title='bbox 147 832 297 892; x_wconf 88' lang='lat' dir='ltr'><strong>natoribus</strong></span> <span class='ocrx_word' id='word_1_44' title='bbox 318 831 492 901; x_wconf 50' lang='lat' dir='ltr'><strong>carminum¹</strong></span> <span class='ocrx_word' id='word_1_45' title='bbox 510 831 617 891; x_wconf 68' lang='lat' dir='ltr'><strong>facum</strong></span> <span class='ocrx_word' id='word_1_46' title='bbox 640 833 805 906; x_wconf 80' lang='lat' dir='ltr'><strong>sustulisse,</strong></span> <span class='ocrx_word' id='word_1_47' title='bbox 832 849 868 892; x_wconf 89' lang='lat' dir='ltr'><strong>ac</strong></span> <span class='ocrx_word' id='word_1_48' title='bbox 887 850 943 893; x_wconf 93' lang='lat' dir='ltr'><strong>non</strong></span> <span class='ocrx_word' id='word_1_49' title='bbox 963 838 1024 892; x_wconf 84' lang='lat' dir='ltr'><strong>tam</strong></span> <span class='ocrx_word' id='word_1_50' title='bbox 1045 851 1148 896; x_wconf 86' lang='lat' dir='ltr'><strong>novum</strong></span> 
     </span>
     <span class='ocr_line' id='line_1_8' title="bbox 146 908 1148 983; baseline 0.001 -16"><span class='ocrx_word' id='word_1_51' title='bbox 146 908 277 967; x_wconf 88' lang='lat' dir='ltr'><strong>ordinem</strong></span> <span class='ocrx_word' id='word_1_52' title='bbox 297 908 464 982; x_wconf 82' lang='lat' dir='ltr'><strong>designasse</strong></span> <span class='ocrx_word' id='word_1_53' title='bbox 484 925 569 981; x_wconf 92' lang='lat' dir='ltr'><strong>quam</strong></span> <span class='ocrx_word' id='word_1_54' title='bbox 588 910 741 983; x_wconf 89' lang='lat' dir='ltr'><strong>pristinum</strong></span> <span class='ocrx_word' id='word_1_55' title='bbox 763 915 793 967; x_wconf 89' lang='lat' dir='ltr'><strong>et</strong></span> <span class='ocrx_word' id='word_1_56' title='bbox 806 910 959 983; x_wconf 89' lang='lat' dir='ltr'><strong>genuinum</strong></span> <span class='ocrx_word' id='word_1_57' title='bbox 973 911 1148 972; x_wconf 85' lang='lat' dir='ltr'><strong>restituisse.</strong></span> 
     </span>
     <span class='ocr_line' id='line_1_9' title="bbox 147 984 1149 1065; baseline 0.004 -23"><span class='ocrx_word' id='word_1_58' title='bbox 147 985 213 1043; x_wconf 90' lang='lat' dir='ltr'><strong>Huc</strong></span> <span class='ocrx_word' id='word_1_59' title='bbox 242 1002 311 1057; x_wconf 89' lang='lat' dir='ltr'><strong>ergo</strong></span> <span class='ocrx_word' id='word_1_60' title='bbox 346 986 463 1044; x_wconf 89' lang='lat' dir='ltr'><strong>trabunt</strong></span> <span class='ocrx_word' id='word_1_61' title='bbox 483 985 618 1044; x_wconf 75' lang='lat' dir='ltr'><strong>Carmina</strong></span> <span class='ocrx_word' id='word_1_62' title='bbox 640 986 692 1043; x_wconf 87' lang='lat' dir='ltr'><strong>illa</strong></span> <span class='ocrx_word' id='word_1_63' title='bbox 722 989 849 1060; x_wconf 76' lang='lat' dir='ltr'><strong>confusa,</strong></span> <span class='ocrx_word' id='word_1_64' title='bbox 882 984 1149 1065; x_wconf 80' lang='grc' dir='ltr'><em>διεσπασμένα,</em></span> 
     </span>
     <span class='ocr_line' id='line_1_10' title="bbox 113 1059 1148 1197; baseline 0.008 -81"><span class='ocrx_word' id='word_1_65' title='bbox 113 1079 115 1082; x_wconf 76' lang='grc'><strong>’</strong></span> <span class='ocrx_word' id='word_1_66' title='bbox 146 1059 359 1197; x_wconf 65' lang='grc' dir='ltr'><em>διρρηρένα,</em></span> <span class='ocrx_word' id='word_1_67' title='bbox 379 1059 524 1140; x_wconf 72' lang='grc' dir='ltr'><em>σποράδην</em></span> <span class='ocrx_word' id='word_1_68' title='bbox 543 1061 723 1140; x_wconf 66' lang='grc' dir='ltr'><strong>ᾀδόμενα,</strong></span> <span class='ocrx_word' id='word_1_69' title='bbox 743 1063 823 1121; x_wconf 85' lang='lat' dir='ltr'><strong>velut</strong></span> <span class='ocrx_word' id='word_1_70' title='bbox 842 1063 965 1122; x_wconf 86' lang='lat' dir='ltr'><strong>disiecta</strong></span> <span class='ocrx_word' id='word_1_71' title='bbox 986 1065 1148 1146; x_wconf 81' lang='lat' dir='ltr'><strong>ettnrbata</strong></span> 
     </span>
     <span class='ocr_line' id='line_1_11' title="bbox 147 1139 1147 1213; baseline 0.004 -19"><span class='ocrx_word' id='word_1_72' title='bbox 147 1139 218 1198; x_wconf 88' lang='lat' dir='ltr'><strong>vitio</strong></span> <span class='ocrx_word' id='word_1_73' title='bbox 237 1155 253 1195; x_wconf 89' lang='lat' dir='ltr'><strong>r</strong></span> <span class='ocrx_word' id='word_1_74' title='bbox 273 1139 460 1211; x_wconf 85' lang='lat' dir='ltr'><strong>apsodorum3</strong></span> <span class='ocrx_word' id='word_1_75' title='bbox 481 1141 652 1211; x_wconf 87' lang='lat' dir='ltr'><strong>omninoque</strong></span> <span class='ocrx_word' id='word_1_76' title='bbox 672 1143 784 1197; x_wconf 89' lang='lat' dir='ltr'><strong>tantum</strong></span> <span class='ocrx_word' id='word_1_77' title='bbox 804 1139 834 1196; x_wconf 93' lang='lat' dir='ltr'><strong>in</strong></span> <span class='ocrx_word' id='word_1_78' title='bbox 853 1140 909 1199; x_wconf 90' lang='lat' dir='ltr'><strong>hoc</strong></span> <span class='ocrx_word' id='word_1_79' title='bbox 928 1141 1048 1213; x_wconf 87' lang='lat' dir='ltr'><strong>negotio</strong></span> <span class='ocrx_word' id='word_1_80' title='bbox 1062 1142 1147 1200; x_wconf 90' lang='lat' dir='ltr'><strong>relin-</strong></span> 
     </span>
     <span class='ocr_line' id='line_1_12' title="bbox 147 1215 1147 1289; baseline 0.005 -17"><span class='ocrx_word' id='word_1_81' title='bbox 147 1220 239 1286; x_wconf 93' lang='lat' dir='ltr'><strong>quunt</strong></span> <span class='ocrx_word' id='word_1_82' title='bbox 256 1215 377 1287; x_wconf 89' lang='lat' dir='ltr'><strong>homini,</strong></span> <span class='ocrx_word' id='word_1_83' title='bbox 405 1216 454 1286; x_wconf 92' lang='lat' dir='ltr'><strong>qni</strong></span> <span class='ocrx_word' id='word_1_84' title='bbox 483 1231 518 1273; x_wconf 84' lang='lat' dir='ltr'><strong>ex</strong></span> <span class='ocrx_word' id='word_1_85' title='bbox 538 1232 575 1275; x_wconf 52' lang='lat' dir='ltr'><strong>eo.</strong></span> <span class='ocrx_word' id='word_1_86' title='bbox 592 1216 656 1289; x_wconf 89' lang='lat' dir='ltr'><strong>ipso</strong></span> <span class='ocrx_word' id='word_1_87' title='bbox 676 1216 829 1274; x_wconf 82' lang='lat' dir='ltr'><strong>maximam</strong></span> <span class='ocrx_word' id='word_1_88' title='bbox 849 1215 954 1276; x_wconf 89' lang='lat' dir='ltr'><strong>famam</strong></span> <span class='ocrx_word' id='word_1_89' title='bbox 976 1216 1147 1278; x_wconf 88' lang='lat' dir='ltr'><strong>eruditionis</strong></span> 
     </span>
     <span class='ocr_line' id='line_1_13' title="bbox 146 1290 1147 1366; baseline 0.006 -18"><span class='ocrx_word' id='word_1_90' title='bbox 146 1296 316 1350; x_wconf 90' lang='lat' dir='ltr'><strong>consecutus</strong></span> <span class='ocrx_word' id='word_1_91' title='bbox 342 1290 430 1363; x_wconf 72' lang='lat' dir='ltr'><strong>estl),</strong></span> <span class='ocrx_word' id='word_1_92' title='bbox 461 1297 598 1362; x_wconf 92' lang='lat' dir='ltr'><strong>quantum</strong></span> <span class='ocrx_word' id='word_1_93' title='bbox 627 1292 714 1351; x_wconf 91' lang='lat' dir='ltr'><strong>hodie</strong></span> <span class='ocrx_word' id='word_1_94' title='bbox 743 1291 888 1351; x_wconf 85' lang='lat' dir='ltr'><strong>interdurn</strong></span> <span class='ocrx_word' id='word_1_95' title='bbox 919 1294 1147 1366; x_wconf 80' lang='lat' dir='ltr'><strong>negligentiores</strong></span> 
     </span>
     <span class='ocr_line' id='line_1_14' title="bbox 147 1367 867 1442; baseline 0 -17"><span class='ocrx_word' id='word_1_96' title='bbox 147 1368 302 1441; x_wconf 87' lang='lat' dir='ltr'><strong>scriptores</strong></span> <span class='ocrx_word' id='word_1_97' title='bbox 322 1367 488 1439; x_wconf 91' lang='lat' dir='ltr'><strong>relinquunt</strong></span> <span class='ocrx_word' id='word_1_98' title='bbox 507 1384 594 1426; x_wconf 90' lang='lat' dir='ltr'><strong>curae</strong></span> <span class='ocrx_word' id='word_1_99' title='bbox 614 1368 867 1442; x_wconf 87' lang='lat' dir='ltr'><strong>typographorum.</strong></span> 
     </span>
     <span class='ocr_line' id='line_1_15' title="bbox 222 1443 1148 1518; baseline 0.005 -17"><span class='ocrx_word' id='word_1_100' title='bbox 222 1443 303 1501; x_wconf 89' lang='lat' dir='ltr'><strong>Bene</strong></span> <span class='ocrx_word' id='word_1_101' title='bbox 322 1459 354 1501; x_wconf 92' lang='lat' dir='ltr'><strong>se</strong></span> <span class='ocrx_word' id='word_1_102' title='bbox 373 1443 515 1502; x_wconf 90' lang='lat' dir='ltr'><strong>haberent</strong></span> <span class='ocrx_word' id='word_1_103' title='bbox 532 1445 606 1503; x_wconf 88' lang='lat' dir='ltr'><strong>haec</strong></span> <span class='ocrx_word' id='word_1_104' title='bbox 624 1446 728 1516; x_wconf 89' lang='lat' dir='ltr'><strong>omnia,</strong></span> <span class='ocrx_word' id='word_1_105' title='bbox 749 1445 775 1502; x_wconf 93' lang='lat' dir='ltr'><strong>si</strong></span> <span class='ocrx_word' id='word_1_106' title='bbox 795 1445 832 1503; x_wconf 90' lang='lat' dir='ltr'><strong>de</strong></span> <span class='ocrx_word' id='word_1_107' title='bbox 853 1462 941 1518; x_wconf 91' lang='lat' dir='ltr'><strong>opere</strong></span> <span class='ocrx_word' id='word_1_108' title='bbox 962 1448 1057 1506; x_wconf 69' lang='lat' dir='ltr'><strong>nostri</strong></span> <span class='ocrx_word' id='word_1_109' title='bbox 1078 1454 1148 1506; x_wconf 86' lang='lat' dir='ltr'><strong>tem·</strong></span> 
     </span>
     <span class='ocr_line' id='line_1_16' title="bbox 145 1520 1148 1594; baseline 0.004 -14"><span class='ocrx_word' id='word_1_110' title='bbox 145 1520 231 1592; x_wconf 89' lang='lat' dir='ltr'><strong>poris</strong></span> <span class='ocrx_word' id='word_1_111' title='bbox 251 1524 448 1593; x_wconf 83' lang='lat' dir='ltr'><strong>quaereretur,</strong></span> <span class='ocrx_word' id='word_1_112' title='bbox 469 1526 520 1579; x_wconf 89' lang='lat' dir='ltr'><strong>aut</strong></span> <span class='ocrx_word' id='word_1_113' title='bbox 539 1521 564 1579; x_wconf 91' lang='lat' dir='ltr'><strong>si</strong></span> <span class='ocrx_word' id='word_1_114' title='bbox 584 1522 651 1581; x_wconf 90' lang='lat' dir='ltr'><strong>olim</strong></span> <span class='ocrx_word' id='word_1_115' title='bbox 665 1521 765 1594; x_wconf 85' lang='lat' dir='ltr'><strong>scripti</strong></span> <span class='ocrx_word' id='word_1_116' title='bbox 778 1521 846 1579; x_wconf 89' lang='lat' dir='ltr'><strong>libri</strong></span> <span class='ocrx_word' id='word_1_117' title='bbox 858 1521 981 1583; x_wconf 86' lang='lat' dir='ltr'><strong>inissent</strong></span> <span class='ocrx_word' id='word_1_118' title='bbox 993 1529 1063 1583; x_wconf 90' lang='lat' dir='ltr'><strong>ante</strong></span> <span class='ocrx_word' id='word_1_119' title='bbox 1076 1523 1148 1583; x_wconf 84' lang='lat' dir='ltr'><strong>Pisi·</strong></span> 
     </span>
     <span class='ocr_line' id='line_1_17' title="bbox 147 1596 1148 1684; baseline 0.006 -30"><span class='ocrx_word' id='word_1_120' title='bbox 147 1601 278 1669; x_wconf 90' lang='lat' dir='ltr'><strong>stratum,</strong></span> <span class='ocrx_word' id='word_1_121' title='bbox 297 1596 493 1670; x_wconf 89' lang='lat' dir='ltr'><strong>rhapsodiqne</strong></span> <span class='ocrx_word' id='word_1_122' title='bbox 506 1599 589 1668; x_wconf 85' lang='lat' dir='ltr'><strong>tales,</strong></span> <span class='ocrx_word' id='word_1_123' title='bbox 610 1599 710 1670; x_wconf 88' lang='lat' dir='ltr'><strong>quales</strong></span> <span class='ocrx_word' id='word_1_124' title='bbox 723 1597 760 1656; x_wconf 89' lang='lat' dir='ltr'><strong>ab</strong></span> <span class='ocrx_word' id='word_1_125' title='bbox 774 1599 838 1656; x_wconf 88' lang='lat' dir='ltr'><strong>istis</strong></span> <span class='ocrx_word' id='word_1_126' title='bbox 852 1596 1007 1673; x_wconf 87' lang='lat' dir='ltr'><strong>finguntur,</strong></span> <span class='ocrx_word' id='word_1_127' title='bbox 1027 1601 1054 1684; x_wconf 74' lang='lat' dir='ltr'><strong>si</strong></span> <span class='ocrx_word' id='word_1_128' title='bbox 1068 1599 1148 1660; x_wconf 91' lang='lat' dir='ltr'><strong>deni·</strong></span> 
     </span>
    </p>
   </div>
   <div class='ocr_carea' id='block_1_3' title="bbox 116 1793 1149 2743">
    <p class='ocr_par' dir='ltr' id='par_1_3' title="bbox 146 1793 1148 1997">
     <span class='ocr_line' id='line_1_18' title="bbox 149 1793 1144 1858; baseline 0.003 -14"><span class='ocrx_word' id='word_1_129' title='bbox 149 1793 186 1844; x_wconf 81' lang='lat' dir='ltr'><strong>Ob</strong></span> <span class='ocrx_word' id='word_1_130' title='bbox 206 1794 309 1845; x_wconf 85' lang='lat' dir='ltr'><strong>totius</strong></span> <span class='ocrx_word' id='word_1_131' title='bbox 326 1796 397 1850; x_wconf 77' lang='lat' dir='ltr'><strong>fers</strong></span> <span class='ocrx_word' id='word_1_132' title='bbox 415 1793 638 1858; x_wconf 80' lang='lat' dir='ltr'><strong>antiquitatis</strong></span> <span class='ocrx_word' id='word_1_133' title='bbox 656 1811 847 1846; x_wconf 82' lang='lat' dir='ltr'><strong>consensum</strong></span> <span class='ocrx_word' id='word_1_134' title='bbox 866 1795 1056 1847; x_wconf 83' lang='lat' dir='ltr'><strong>concedendurn</strong></span> <span class='ocrx_word' id='word_1_135' title='bbox 1075 1794 1144 1848; x_wconf 75' lang='lat' dir='ltr'><strong>ride·</strong></span> 
     </span>
     <span class='ocr_line' id='line_1_19' title="bbox 146 1861 1144 1930; baseline 0.002 -16"><span class='ocrx_word' id='word_1_136' title='bbox 146 1871 198 1925; x_wconf 85' lang='lat' dir='ltr'><strong>tur,</strong></span> <span class='ocrx_word' id='word_1_137' title='bbox 215 1862 298 1928; x_wconf 84' lang='lat' dir='ltr'><strong>ipsum</strong></span> <span class='ocrx_word' id='word_1_138' title='bbox 316 1861 417 1926; x_wconf 81' lang='lat' dir='ltr'><strong>quidam</strong></span> <span class='ocrx_word' id='word_1_139' title='bbox 435 1862 573 1913; x_wconf 81' lang='lat' dir='ltr'><strong>Homerum</strong></span> <span class='ocrx_word' id='word_1_140' title='bbox 590 1863 767 1926; x_wconf 81' lang='lat' dir='ltr'><strong>conscripsisse</strong></span> <span class='ocrx_word' id='word_1_141' title='bbox 784 1881 840 1914; x_wconf 86' lang='lat' dir='ltr'><strong>una</strong></span> <span class='ocrx_word' id='word_1_142' title='bbox 856 1863 920 1914; x_wconf 84' lang='lat' dir='ltr'><strong>serie</strong></span> <span class='ocrx_word' id='word_1_143' title='bbox 933 1864 1073 1928; x_wconf 80' lang='lat' dir='ltr'><strong>utriusqus</strong></span> <span class='ocrx_word' id='word_1_144' title='bbox 1081 1869 1144 1930; x_wconf 77' lang='lat' dir='ltr'><strong>pct-</strong></span> 
     </span>
     <span class='ocr_line' id='line_1_20' title="bbox 146 1930 1148 1997; baseline 0.004 -17"><span class='ocrx_word' id='word_1_145' title='bbox 146 1931 221 1982; x_wconf 88' lang='lat' dir='ltr'><strong>matis</strong></span> <span class='ocrx_word' id='word_1_146' title='bbox 238 1931 326 1992; x_wconf 84' lang='lat' dir='ltr'><strong>libros,</strong></span> <span class='ocrx_word' id='word_1_147' title='bbox 341 1930 497 1994; x_wconf 80' lang='lat' dir='ltr'><strong>posterisque</strong></span> <span class='ocrx_word' id='word_1_148' title='bbox 513 1930 568 1980; x_wconf 84' lang='lat' dir='ltr'><strong>suis</strong></span> <span class='ocrx_word' id='word_1_149' title='bbox 582 1938 719 1994; x_wconf 83' lang='lat' dir='ltr'><strong>perpetuos</strong></span> <span class='ocrx_word' id='word_1_150' title='bbox 735 1947 781 1982; x_wconf 89' lang='lat' dir='ltr'><strong>nec</strong></span> <span class='ocrx_word' id='word_1_151' title='bbox 792 1932 917 1997; x_wconf 79' lang='lat' dir='ltr'><strong>dispersos</strong></span> <span class='ocrx_word' id='word_1_152' title='bbox 933 1931 1083 1996; x_wconf 79' lang='lat' dir='ltr'><strong>reliquisse,</strong></span> <span class='ocrx_word' id='word_1_153' title='bbox 1101 1931 1148 1984; x_wconf 71' lang='lat' dir='ltr'><strong>ssd</strong></span> 
     </span>
    </p>

    <p class='ocr_par' dir='ltr' id='par_1_4' title="bbox 116 1997 1149 2743">
     <span class='ocr_line' id='line_1_21' title="bbox 116 1997 1146 2064; baseline 0.001 -15"><span class='ocrx_word' id='word_1_154' title='bbox 116 2005 118 2008; x_wconf 77' lang='grc'>’</span> <span class='ocrx_word' id='word_1_155' title='bbox 146 1999 229 2049; x_wconf 80' lang='lat' dir='ltr'><strong>uicum</strong></span> <span class='ocrx_word' id='word_1_156' title='bbox 254 2015 306 2048; x_wconf 85' lang='lat' dir='ltr'><strong>non</strong></span> <span class='ocrx_word' id='word_1_157' title='bbox 323 1997 374 2048; x_wconf 84' lang='lat' dir='ltr'><strong>nisi</strong></span> <span class='ocrx_word' id='word_1_158' title='bbox 391 1999 546 2062; x_wconf 77' lang='lat' dir='ltr'><strong>cantt&#39;lenas,</strong></span> <span class='ocrx_word' id='word_1_159' title='bbox 569 2015 633 2062; x_wconf 86' lang='lat' dir='ltr'><strong>quas</strong></span> <span class='ocrx_word' id='word_1_160' title='bbox 651 1999 680 2047; x_wconf 82' lang='lat' dir='ltr'><strong>in</strong></span> <span class='ocrx_word' id='word_1_161' title='bbox 697 1999 798 2063; x_wconf 83' lang='lat' dir='ltr'><strong>oppidis</strong></span> <span class='ocrx_word' id='word_1_162' title='bbox 815 2001 895 2049; x_wconf 85' lang='lat' dir='ltr'><strong>nictus</strong></span> <span class='ocrx_word' id='word_1_163' title='bbox 912 1999 1002 2064; x_wconf 75' lang='lat' dir='ltr'><strong>pratia</strong></span> <span class='ocrx_word' id='word_1_164' title='bbox 1020 1998 1146 2060; x_wconf 73' lang='lat' dir='ltr'><strong>camarii,</strong></span> 
     </span>
     <span class='ocr_line' id='line_1_22' title="bbox 146 2063 1147 2132; baseline 0.003 -15"><span class='ocrx_word' id='word_1_165' title='bbox 146 2067 275 2132; x_wconf 81' lang='lat' dir='ltr'><strong>dispersas</strong></span> <span class='ocrx_word' id='word_1_166' title='bbox 292 2066 408 2118; x_wconf 80' lang='lat' dir='ltr'><strong>edidisse.</strong></span> <span class='ocrx_word' id='word_1_167' title='bbox 437 2065 573 2120; x_wconf 89' lang='lat' dir='ltr'><strong>Particula</strong></span> <span class='ocrx_word' id='word_1_168' title='bbox 584 2071 643 2132; x_wconf 80' lang='lat' dir='ltr'><strong>sere</strong></span> <span class='ocrx_word' id='word_1_169' title='bbox 654 2064 752 2119; x_wconf 86' lang='lat' dir='ltr'><strong>Latine</strong></span> <span class='ocrx_word' id='word_1_170' title='bbox 770 2066 871 2119; x_wconf 88' lang='lat' dir='ltr'><strong>utimur</strong></span> <span class='ocrx_word' id='word_1_171' title='bbox 887 2063 1034 2118; x_wconf 87' lang='lat' dir='ltr'><strong>modestiae</strong></span> <span class='ocrx_word' id='word_1_172' title='bbox 1055 2080 1147 2132; x_wconf 65' lang='lat' dir='ltr'><strong>caum,</strong></span> 
     </span>
     <span class='ocr_line' id='line_1_23' title="bbox 145 2130 1147 2202; baseline -0.001 -15"><span class='ocrx_word' id='word_1_173' title='bbox 145 2150 200 2188; x_wconf 90' lang='lat' dir='ltr'><strong>non</strong></span> <span class='ocrx_word' id='word_1_174' title='bbox 226 2140 257 2188; x_wconf 90' lang='lat' dir='ltr'><strong>ut</strong></span> <span class='ocrx_word' id='word_1_175' title='bbox 282 2133 448 2188; x_wconf 87' lang='lat' dir='ltr'><strong>mendacium</strong></span> <span class='ocrx_word' id='word_1_176' title='bbox 470 2139 601 2201; x_wconf 86' lang='lat' dir='ltr'><strong>tegamus.</strong></span> <span class='ocrx_word' id='word_1_177' title='bbox 646 2132 742 2200; x_wconf 86' lang='lat' dir='ltr'><strong>Itaque</strong></span> <span class='ocrx_word' id='word_1_178' title='bbox 765 2133 852 2202; x_wconf 87' lang='lat' dir='ltr'><strong>qualis</strong></span> <span class='ocrx_word' id='word_1_179' title='bbox 873 2133 919 2186; x_wconf 88' lang='lat' dir='ltr'><strong>ille</strong></span> <span class='ocrx_word' id='word_1_180' title='bbox 946 2133 981 2185; x_wconf 88' lang='lat' dir='ltr'><strong>sit</strong></span> <span class='ocrx_word' id='word_1_181' title='bbox 999 2130 1077 2185; x_wconf 69' lang='lat' dir='ltr'><strong>totia&#39;s</strong></span> <span class='ocrx_word' id='word_1_182' title='bbox 1088 2140 1147 2201; x_wconf 81' lang='lat' dir='ltr'><strong>sare</strong></span> 
     </span>
     <span class='ocr_line' id='line_1_24' title="bbox 146 2200 1147 2269; baseline 0 -15"><span class='ocrx_word' id='word_1_183' title='bbox 146 2204 308 2269; x_wconf 82' lang='lat' dir='ltr'><strong>antiquitatis</strong></span> <span class='ocrx_word' id='word_1_184' title='bbox 325 2221 465 2265; x_wconf 69' lang='lat' dir='ltr'><strong>commeat,</strong></span> <span class='ocrx_word' id='word_1_185' title='bbox 485 2200 586 2255; x_wconf 67' lang='lat' dir='ltr'><strong>docere*</strong></span> <span class='ocrx_word' id='word_1_186' title='bbox 599 2216 648 2254; x_wconf 88' lang='lat' dir='ltr'><strong>nos</strong></span> <span class='ocrx_word' id='word_1_187' title='bbox 667 2200 789 2255; x_wconf 88' lang='lat' dir='ltr'><strong>debebat.</strong></span> <span class='ocrx_word' id='word_1_188' title='bbox 808 2201 867 2263; x_wconf 24' lang='lat' dir='ltr'><strong>*Ne</strong></span> <span class='ocrx_word' id='word_1_189' title='bbox 886 2200 982 2254; x_wconf 82' lang='lat' dir='ltr'><strong>Suidas</strong></span> <span class='ocrx_word' id='word_1_190' title='bbox 1000 2200 1110 2268; x_wconf 88' lang='lat' dir='ltr'><strong>quidem</strong></span> <span class='ocrx_word' id='word_1_191' title='bbox 1129 2201 1147 2254; x_wconf 92' lang='lat' dir='ltr'><strong>l.</strong></span> 
     </span>
     <span class='ocr_line' id='line_1_25' title="bbox 146 2267 1146 2340; baseline -0.003 -17"><span class='ocrx_word' id='word_1_192' title='bbox 146 2285 169 2323; x_wconf 91' lang='lat' dir='ltr'><strong>c.</strong></span> <span class='ocrx_word' id='word_1_193' title='bbox 188 2271 316 2338; x_wconf 89' lang='lat' dir='ltr'><strong>concinit,</strong></span> <span class='ocrx_word' id='word_1_194' title='bbox 338 2286 418 2337; x_wconf 86' lang='lat' dir='ltr'><strong>quern</strong></span> <span class='ocrx_word' id='word_1_195' title='bbox 441 2287 524 2323; x_wconf 91' lang='lat' dir='ltr'><strong>unum</strong></span> <span class='ocrx_word' id='word_1_196' title='bbox 546 2269 583 2322; x_wconf 94' lang='lat' dir='ltr'><strong>ibi</strong></span> <span class='ocrx_word' id='word_1_197' title='bbox 605 2269 722 2323; x_wconf 89' lang='lat' dir='ltr'><strong>habebat</strong></span> <span class='ocrx_word' id='word_1_198' title='bbox 744 2285 809 2336; x_wconf 83' lang='lat' dir='ltr'><strong>pree</strong></span> <span class='ocrx_word' id='word_1_199' title='bbox 828 2269 925 2323; x_wconf 91' lang='lat' dir='ltr'><strong>oculis:</strong></span> <span class='ocrx_word' id='word_1_200' title='bbox 953 2267 1079 2338; x_wconf 75' lang='grc' dir='ltr'><em>Ἔγραψε</em></span> <span class='ocrx_word' id='word_1_201' title='bbox 1098 2271 1146 2340; x_wconf 77' lang='grc' dir='ltr'><strong>τὴν</strong></span> 
     </span>
     <span class='ocr_line' id='line_1_26' title="bbox 145 2335 1146 2408; baseline 0.002 -19"><span class='ocrx_word' id='word_1_202' title='bbox 145 2335 243 2389; x_wconf 78' lang='grc' dir='ltr'><em>Ἰλιάδα</em></span> <span class='ocrx_word' id='word_1_203' title='bbox 260 2339 312 2408; x_wconf 80' lang='grc' dir='ltr'><strong>οὐχ</strong></span> <span class='ocrx_word' id='word_1_204' title='bbox 331 2337 395 2402; x_wconf 80' lang='grc' dir='ltr'><em>ἅμα,</em></span> <span class='ocrx_word' id='word_1_205' title='bbox 413 2338 476 2389; x_wconf 76' lang='grc' dir='ltr'><em>οὐδὲ</em></span> <span class='ocrx_word' id='word_1_206' title='bbox 493 2337 562 2389; x_wconf 82' lang='grc' dir='ltr'><em>κατὰ</em></span> <span class='ocrx_word' id='word_1_207' title='bbox 580 2338 611 2390; x_wconf 88' lang='grc' dir='ltr'><strong>τὸ</strong></span> <span class='ocrx_word' id='word_1_208' title='bbox 630 2338 752 2408; x_wconf 81' lang='grc' dir='ltr'><em>συνεχές,</em></span> <span class='ocrx_word' id='word_1_209' title='bbox 771 2338 901 2406; x_wconf 70' lang='grc' dir='ltr'><em>καθάπερ</em></span> <span class='ocrx_word' id='word_1_210' title='bbox 920 2337 1071 2404; x_wconf 75' lang='grc' dir='ltr'><em>σύγκειται·</em></span> <span class='ocrx_word' id='word_1_211' title='bbox 1089 2337 1146 2391; x_wconf 77' lang='grc' dir='ltr'><strong>ἀλλ’</strong></span> 
     </span>
     <span class='ocr_line' id='line_1_27' title="bbox 147 2405 1148 2475; baseline 0.002 -19"><span class='ocrx_word' id='word_1_212' title='bbox 147 2406 229 2464; x_wconf 83' lang='grc' dir='ltr'><strong><em>αὐτὸς</em></strong></span> <span class='ocrx_word' id='word_1_213' title='bbox 249 2407 298 2469; x_wconf 84' lang='grc' dir='ltr'><strong>μὲν</strong></span> <span class='ocrx_word' id='word_1_214' title='bbox 322 2407 439 2475; x_wconf 83' lang='grc' dir='ltr'><em>ἑκάστην</em></span> <span class='ocrx_word' id='word_1_215' title='bbox 456 2405 600 2474; x_wconf 75' lang='grc' dir='ltr'>ῥαψῳδίαν</span> <span class='ocrx_word' id='word_1_216' title='bbox 618 2407 731 2472; x_wconf 79' lang='grc' dir='ltr'><em>γράψας</em></span> <span class='ocrx_word' id='word_1_217' title='bbox 749 2407 791 2458; x_wconf 80' lang='lat' dir='ltr'><strong>zai</strong></span> <span class='ocrx_word' id='word_1_218' title='bbox 810 2405 948 2466; x_wconf 78' lang='grc' dir='ltr'><strong><em>ἐπιδείξας</em></strong></span> <span class='ocrx_word' id='word_1_219' title='bbox 966 2405 996 2455; x_wconf 81' lang='grc' dir='ltr'><strong>ἐν</strong></span> <span class='ocrx_word' id='word_1_220' title='bbox 1015 2409 1055 2473; x_wconf 77' lang='grc' dir='ltr'><strong>τῷ</strong></span> <span class='ocrx_word' id='word_1_221' title='bbox 1074 2424 1148 2475; x_wconf 85' lang='grc' dir='ltr'><em>περι-</em></span> 
     </span>
     <span class='ocr_line' id='line_1_28' title="bbox 147 2471 1147 2543; baseline 0.004 -19"><span class='ocrx_word' id='word_1_222' title='bbox 147 2475 253 2525; x_wconf 78' lang='grc' dir='ltr'><em>νοστεῖν</em></span> <span class='ocrx_word' id='word_1_223' title='bbox 272 2474 320 2532; x_wconf 82' lang='grc' dir='ltr'><strong>τὰς</strong></span> <span class='ocrx_word' id='word_1_224' title='bbox 331 2474 423 2532; x_wconf 79' lang='grc' dir='ltr'><em>πόλεις</em></span> <span class='ocrx_word' id='word_1_225' title='bbox 434 2477 538 2543; x_wconf 79' lang='grc' dir='ltr'><em>τροφῆς</em></span> <span class='ocrx_word' id='word_1_226' title='bbox 549 2471 649 2538; x_wconf 79' lang='grc' dir='ltr'><em>ἕνεκεν,</em></span> <span class='ocrx_word' id='word_1_227' title='bbox 663 2474 800 2526; x_wconf 80' lang='grc' dir='ltr'><em>ἀπέλιπεν.</em></span> <span class='ocrx_word' id='word_1_228' title='bbox 830 2473 873 2528; x_wconf 83' lang='lat' dir='ltr'><strong>sic</strong></span> <span class='ocrx_word' id='word_1_229' title='bbox 885 2472 1025 2526; x_wconf 79' lang='lat' dir='ltr'><strong>Pisistrato</strong></span> <span class='ocrx_word' id='word_1_230' title='bbox 1037 2471 1147 2528; x_wconf 85' lang='lat' dir='ltr'><strong>demum</strong></span> 
     </span>
     <span class='ocr_line' id='line_1_29' title="bbox 146 2540 1149 2608; baseline 0.001 -15"><span class='ocrx_word' id='word_1_231' title='bbox 146 2540 212 2593; x_wconf 90' lang='lat' dir='ltr'><strong>nihil</strong></span> <span class='ocrx_word' id='word_1_232' title='bbox 230 2541 361 2608; x_wconf 90' lang='lat' dir='ltr'><strong>reliquum</strong></span> <span class='ocrx_word' id='word_1_233' title='bbox 379 2541 419 2608; x_wconf 88' lang='lat' dir='ltr'><strong>fit,</strong></span> <span class='ocrx_word' id='word_1_234' title='bbox 439 2557 519 2608; x_wconf 87' lang='lat' dir='ltr'><strong>quarn</strong></span> <span class='ocrx_word' id='word_1_235' title='bbox 538 2546 568 2594; x_wconf 87' lang='lat' dir='ltr'><strong>ut</strong></span> <span class='ocrx_word' id='word_1_236' title='bbox 585 2541 734 2606; x_wconf 74' lang='lat' dir='ltr'><strong>rhapsodias</strong></span> <span class='ocrx_word' id='word_1_237' title='bbox 748 2545 776 2593; x_wconf 83' lang='lat' dir='ltr'><strong>in</strong></span> <span class='ocrx_word' id='word_1_238' title='bbox 788 2543 888 2594; x_wconf 86' lang='lat' dir='ltr'><strong>totidem</strong></span> <span class='ocrx_word' id='word_1_239' title='bbox 900 2541 983 2608; x_wconf 84' lang='lat' dir='ltr'><strong>libros,</strong></span> <span class='ocrx_word' id='word_1_240' title='bbox 1002 2551 1063 2605; x_wconf 82' lang='lat' dir='ltr'><strong>quat</strong></span> <span class='ocrx_word' id='word_1_241' title='bbox 1076 2559 1149 2594; x_wconf 83' lang='lat' dir='ltr'><strong>nnnc</strong></span> 
     </span>
     <span class='ocr_line' id='line_1_30' title="bbox 147 2608 1147 2675; baseline 0.005 -16"><span class='ocrx_word' id='word_1_242' title='bbox 147 2609 273 2675; x_wconf 80' lang='lat' dir='ltr'><strong>babemus,</strong></span> <span class='ocrx_word' id='word_1_243' title='bbox 292 2609 397 2662; x_wconf 82' lang='lat' dir='ltr'><strong>dividat.</strong></span> <span class='ocrx_word' id='word_1_244' title='bbox 427 2609 523 2675; x_wconf 87' lang='lat' dir='ltr'><strong>Itaque</strong></span> <span class='ocrx_word' id='word_1_245' title='bbox 540 2608 610 2662; x_wconf 86' lang='lat' dir='ltr'><strong>hanc</strong></span> <span class='ocrx_word' id='word_1_246' title='bbox 629 2608 786 2663; x_wconf 86' lang='lat' dir='ltr'><strong>divisionem</strong></span> <span class='ocrx_word' id='word_1_247' title='bbox 805 2610 838 2663; x_wconf 91' lang='lat' dir='ltr'><strong>ab</strong></span> <span class='ocrx_word' id='word_1_248' title='bbox 851 2608 1039 2663; x_wconf 87' lang='lat' dir='ltr'><strong>Alexandrinis</strong></span> <span class='ocrx_word' id='word_1_249' title='bbox 1052 2609 1147 2664; x_wconf 91' lang='lat' dir='ltr'><strong>induc·</strong></span> 
     </span>
     <span class='ocr_line' id='line_1_31' title="bbox 146 2677 616 2743; baseline 0.004 -15"><span class='ocrx_word' id='word_1_250' title='bbox 146 2681 202 2728; x_wconf 84' lang='lat' dir='ltr'><strong>tam</strong></span> <span class='ocrx_word' id='word_1_251' title='bbox 220 2691 287 2743; x_wconf 88' lang='lat' dir='ltr'><strong>esse,</strong></span> <span class='ocrx_word' id='word_1_252' title='bbox 306 2677 448 2743; x_wconf 85' lang='lat' dir='ltr'><strong>ignorabat</strong></span> <span class='ocrx_word' id='word_1_253' title='bbox 465 2677 506 2730; x_wconf 86' lang='lat' dir='ltr'><strong>vir</strong></span> <span class='ocrx_word' id='word_1_254' title='bbox 523 2677 616 2730; x_wconf 90' lang='lat' dir='ltr'><strong>bonus.</strong></span> 
     </span>
    </p>
   </div>
   <div class='ocr_carea' id='block_1_4' title="bbox 146 2760 1148 3579">
    <p class='ocr_par' dir='ltr' id='par_1_5' title="bbox 146 2760 1148 3579">
     <span class='ocr_line' id='line_1_32' title="bbox 214 2760 1147 2829; baseline 0.002 -16"><span class='ocrx_word' id='word_1_255' title='bbox 214 2762 237 2826; x_wconf 63' lang='grc' dir='ltr'><strong>Ἰ)</strong></span> <span class='ocrx_word' id='word_1_256' title='bbox 254 2760 357 2814; x_wconf 78' lang='lat' dir='ltr'><strong>Eodem</strong></span> <span class='ocrx_word' id='word_1_257' title='bbox 378 2762 514 2829; x_wconf 90' lang='lat' dir='ltr'><strong>pertinere</strong></span> <span class='ocrx_word' id='word_1_258' title='bbox 540 2762 657 2815; x_wconf 89' lang='lat' dir='ltr'><strong>arbitror</strong></span> <span class='ocrx_word' id='word_1_259' title='bbox 673 2761 772 2816; x_wconf 86' lang='lat' dir='ltr'><strong>famam</strong></span> <span class='ocrx_word' id='word_1_260' title='bbox 790 2761 823 2815; x_wconf 93' lang='lat' dir='ltr'><strong>de</strong></span> <span class='ocrx_word' id='word_1_261' title='bbox 841 2761 928 2829; x_wconf 90' lang='lat' dir='ltr'><strong>prima</strong></span> <span class='ocrx_word' id='word_1_262' title='bbox 945 2760 1111 2815; x_wconf 89' lang='lat' dir='ltr'><strong>bibliotheca</strong></span> <span class='ocrx_word' id='word_1_263' title='bbox 1130 2778 1147 2815; x_wconf 88' lang='lat' dir='ltr'><strong>a</strong></span> 
     </span>
     <span class='ocr_line' id='line_1_33' title="bbox 147 2828 1146 2898; baseline 0.001 -16"><span class='ocrx_word' id='word_1_264' title='bbox 147 2829 287 2884; x_wconf 86' lang='lat' dir='ltr'><strong>Pisistrato</strong></span> <span class='ocrx_word' id='word_1_265' title='bbox 306 2830 422 2898; x_wconf 86' lang='lat' dir='ltr'><strong>condite,</strong></span> <span class='ocrx_word' id='word_1_266' title='bbox 441 2831 493 2883; x_wconf 88' lang='lat' dir='ltr'><strong>etsi</strong></span> <span class='ocrx_word' id='word_1_267' title='bbox 510 2830 575 2884; x_wconf 90' lang='lat' dir='ltr'><strong>satis</strong></span> <span class='ocrx_word' id='word_1_268' title='bbox 592 2830 696 2884; x_wconf 87' lang='lat' dir='ltr'><strong>recenti</strong></span> <span class='ocrx_word' id='word_1_269' title='bbox 715 2830 839 2897; x_wconf 89' lang='lat' dir='ltr'><strong>scriptori</strong></span> <span class='ocrx_word' id='word_1_270' title='bbox 856 2834 1038 2897; x_wconf 87' lang='lat' dir='ltr'><strong>memoratam,</strong></span> <span class='ocrx_word' id='word_1_271' title='bbox 1057 2828 1146 2883; x_wconf 85' lang='lat' dir='ltr'><strong>Gellio</strong></span> 
     </span>
     <span class='ocr_line' id='line_1_34' title="bbox 146 2896 1147 2967; baseline 0.002 -18"><span class='ocrx_word' id='word_1_272' title='bbox 146 2896 191 2966; x_wconf 86' lang='lat' dir='ltr'><strong>Vl,</strong></span> <span class='ocrx_word' id='word_1_273' title='bbox 212 2901 251 2954; x_wconf 82' lang='grc'><strong>17.</strong></span> <span class='ocrx_word' id='word_1_274' title='bbox 288 2897 349 2952; x_wconf 90' lang='lat' dir='ltr'><strong>Non</strong></span> <span class='ocrx_word' id='word_1_275' title='bbox 373 2899 443 2953; x_wconf 90' lang='lat' dir='ltr'><strong>enim</strong></span> <span class='ocrx_word' id='word_1_276' title='bbox 465 2899 584 2966; x_wconf 86' lang='lat' dir='ltr'><strong>reperio,</strong></span> <span class='ocrx_word' id='word_1_277' title='bbox 608 2899 654 2967; x_wconf 90' lang='lat' dir='ltr'><strong>qui</strong></span> <span class='ocrx_word' id='word_1_278' title='bbox 677 2898 723 2951; x_wconf 87' lang='lat' dir='ltr'><strong>alii</strong></span> <span class='ocrx_word' id='word_1_279' title='bbox 751 2904 862 2965; x_wconf 89' lang='lat' dir='ltr'><strong>praeter</strong></span> <span class='ocrx_word' id='word_1_280' title='bbox 884 2897 1030 2951; x_wconf 87' lang='lat' dir='ltr'><strong>Homerum</strong></span> <span class='ocrx_word' id='word_1_281' title='bbox 1056 2897 1147 2951; x_wconf 89' lang='lat' dir='ltr'><strong>inesse</strong></span> 
     </span>
     <span class='ocr_line' id='line_1_35' title="bbox 146 2965 1148 3035; baseline -0.002 -16"><span class='ocrx_word' id='word_1_282' title='bbox 146 2967 284 3032; x_wconf 86' lang='lat' dir='ltr'><strong>potuerint</strong></span> <span class='ocrx_word' id='word_1_283' title='bbox 303 2968 456 3034; x_wconf 87' lang='lat' dir='ltr'><strong>scriptores,</strong></span> <span class='ocrx_word' id='word_1_284' title='bbox 474 2983 554 3035; x_wconf 89' lang='lat' dir='ltr'><strong>quam</strong></span> <span class='ocrx_word' id='word_1_285' title='bbox 573 2967 676 3033; x_wconf 85' lang='lat' dir='ltr'><strong>aliquot</strong></span> <span class='ocrx_word' id='word_1_286' title='bbox 692 2971 798 3033; x_wconf 78' lang='lat' dir='ltr'><strong>poetae.</strong></span> <span class='ocrx_word' id='word_1_287' title='bbox 816 2981 903 3032; x_wconf 89' lang='lat' dir='ltr'><strong>nuper</strong></span> <span class='ocrx_word' id='word_1_288' title='bbox 920 2965 1026 3018; x_wconf 87' lang='lat' dir='ltr'><strong>demum</strong></span> <span class='ocrx_word' id='word_1_289' title='bbox 1043 2965 1088 3018; x_wconf 85' lang='lat' dir='ltr'><strong>vel</strong></span> <span class='ocrx_word' id='word_1_290' title='bbox 1106 2965 1148 3033; x_wconf 93' lang='lat' dir='ltr'><strong>ip·</strong></span> 
     </span>
     <span class='ocr_line' id='line_1_36' title="bbox 147 3032 1147 3102; baseline -0.001 -15"><span class='ocrx_word' id='word_1_291' title='bbox 147 3035 202 3088; x_wconf 91' lang='lat' dir='ltr'><strong>sius</strong></span> <span class='ocrx_word' id='word_1_292' title='bbox 218 3034 292 3088; x_wconf 87' lang='lat' dir='ltr'><strong>iussu</strong></span> <span class='ocrx_word' id='word_1_293' title='bbox 309 3035 460 3102; x_wconf 88' lang='lat' dir='ltr'><strong>perscripti.</strong></span> <span class='ocrx_word' id='word_1_294' title='bbox 496 3035 624 3102; x_wconf 88' lang='lat' dir='ltr'><strong>Idemque</strong></span> <span class='ocrx_word' id='word_1_295' title='bbox 643 3033 810 3101; x_wconf 87' lang='lat' dir='ltr'><strong>sentiendum</strong></span> <span class='ocrx_word' id='word_1_296' title='bbox 828 3033 942 3088; x_wconf 86' lang='lat' dir='ltr'><strong>fortasse</strong></span> <span class='ocrx_word' id='word_1_297' title='bbox 960 3033 993 3087; x_wconf 91' lang='lat' dir='ltr'><strong>de</strong></span> <span class='ocrx_word' id='word_1_298' title='bbox 1002 3032 1147 3100; x_wconf 86' lang='lat' dir='ltr'><strong>Polycrate</strong></span> 
     </span>
     <span class='ocr_line' id='line_1_37' title="bbox 147 3100 1148 3171; baseline -0.004 -14"><span class='ocrx_word' id='word_1_299' title='bbox 147 3103 244 3168; x_wconf 87' lang='lat' dir='ltr'><strong>Samio,</strong></span> <span class='ocrx_word' id='word_1_300' title='bbox 274 3119 353 3171; x_wconf 89' lang='lat' dir='ltr'><strong>quern</strong></span> <span class='ocrx_word' id='word_1_301' title='bbox 376 3109 488 3170; x_wconf 91' lang='lat' dir='ltr'><strong>propter</strong></span> <span class='ocrx_word' id='word_1_302' title='bbox 511 3103 638 3156; x_wconf 88' lang='lat' dir='ltr'><strong>librorum</strong></span> <span class='ocrx_word' id='word_1_303' title='bbox 660 3101 838 3169; x_wconf 85' lang='lat' dir='ltr'><strong>parandorum</strong></span> <span class='ocrx_word' id='word_1_304' title='bbox 866 3101 983 3155; x_wconf 90' lang='lat' dir='ltr'><strong>studium</strong></span> <span class='ocrx_word' id='word_1_305' title='bbox 1001 3115 1061 3153; x_wconf 89' lang='lat' dir='ltr'><strong>curn</strong></span> <span class='ocrx_word' id='word_1_306' title='bbox 1080 3100 1148 3154; x_wconf 90' lang='lat' dir='ltr'><strong>Pisi·</strong></span> 
     </span>
     <span class='ocr_line' id='line_1_38' title="bbox 147 3169 1146 3238; baseline -0.003 -13"><span class='ocrx_word' id='word_1_307' title='bbox 147 3178 232 3225; x_wconf 89' lang='lat' dir='ltr'><strong>strato</strong></span> <span class='ocrx_word' id='word_1_308' title='bbox 260 3171 397 3238; x_wconf 89' lang='lat' dir='ltr'><strong>coniungit</strong></span> <span class='ocrx_word' id='word_1_309' title='bbox 418 3171 515 3224; x_wconf 88' lang='lat' dir='ltr'><strong>Athen.</strong></span> <span class='ocrx_word' id='word_1_310' title='bbox 539 3171 561 3224; x_wconf 93' lang='lat' dir='ltr'><strong>l.</strong></span> <span class='ocrx_word' id='word_1_311' title='bbox 579 3186 605 3236; x_wconf 86' lang='lat' dir='ltr'><strong>p.</strong></span> <span class='ocrx_word' id='word_1_312' title='bbox 623 3175 647 3223; x_wconf 91' lang='lat'><strong>3.</strong></span> <span class='ocrx_word' id='word_1_313' title='bbox 665 3171 697 3223; x_wconf 87' lang='lat' dir='ltr'><strong>A.</strong></span> <span class='ocrx_word' id='word_1_314' title='bbox 728 3169 860 3223; x_wconf 88' lang='lat' dir='ltr'><strong>Nimirum</strong></span> <span class='ocrx_word' id='word_1_315' title='bbox 885 3169 1063 3222; x_wconf 90' lang='lat' dir='ltr'><strong>bibliothecae</strong></span> <span class='ocrx_word' id='word_1_316' title='bbox 1082 3169 1146 3222; x_wconf 88' lang='lat' dir='ltr'><strong>illae</strong></span> 
     </span>
     <span class='ocr_line' id='line_1_39' title="bbox 148 3236 1147 3306; baseline -0.001 -15"><span class='ocrx_word' id='word_1_317' title='bbox 148 3239 246 3293; x_wconf 90' lang='lat' dir='ltr'><strong>similes</strong></span> <span class='ocrx_word' id='word_1_318' title='bbox 264 3239 380 3305; x_wconf 87' lang='lat' dir='ltr'><strong>fuerunt,</strong></span> <span class='ocrx_word' id='word_1_319' title='bbox 398 3240 426 3291; x_wconf 92' lang='lat' dir='ltr'><strong>ni</strong></span> <span class='ocrx_word' id='word_1_320' title='bbox 443 3239 642 3306; x_wconf 80' lang='lat' dir='ltr'><strong>fallor,earun1,</strong></span> <span class='ocrx_word' id='word_1_321' title='bbox 661 3253 729 3305; x_wconf 85' lang='lat' dir='ltr'><strong>quse</strong></span> <span class='ocrx_word' id='word_1_322' title='bbox 747 3238 775 3290; x_wconf 87' lang='lat' dir='ltr'><strong>in</strong></span> <span class='ocrx_word' id='word_1_323' title='bbox 787 3237 894 3304; x_wconf 89' lang='lat' dir='ltr'><strong>templis</strong></span> <span class='ocrx_word' id='word_1_324' title='bbox 903 3236 1042 3299; x_wconf 86' lang='lat' dir='ltr'><strong>nonnullis,</strong></span> <span class='ocrx_word' id='word_1_325' title='bbox 1064 3237 1147 3290; x_wconf 88' lang='lat' dir='ltr'><strong>etiarn</strong></span> 
     </span>
     <span class='ocr_line' id='line_1_40' title="bbox 147 3305 1148 3376; baseline 0 -17"><span class='ocrx_word' id='word_1_326' title='bbox 147 3307 175 3360; x_wconf 92' lang='lat' dir='ltr'><strong>in</strong></span> <span class='ocrx_word' id='word_1_327' title='bbox 192 3307 443 3376; x_wconf 87' lang='lat' dir='ltr'><strong>Hierosolymitnno,</strong></span> <span class='ocrx_word' id='word_1_328' title='bbox 462 3305 600 3373; x_wconf 88' lang='lat' dir='ltr'><strong>depositae</strong></span> <span class='ocrx_word' id='word_1_329' title='bbox 618 3307 748 3371; x_wconf 82' lang='lat' dir='ltr'><strong>feruntur,</strong></span> <span class='ocrx_word' id='word_1_330' title='bbox 767 3305 860 3373; x_wconf 86' lang='lat' dir='ltr'><strong>paucis</strong></span> <span class='ocrx_word' id='word_1_331' title='bbox 874 3311 1027 3359; x_wconf 86' lang='lat' dir='ltr'><strong>constantes</strong></span> <span class='ocrx_word' id='word_1_332' title='bbox 1038 3305 1148 3373; x_wconf 86' lang='lat' dir='ltr'><strong>scriptis</strong></span> 
     </span>
     <span class='ocr_line' id='line_1_41' title="bbox 148 3373 1148 3442; baseline 0 -14"><span class='ocrx_word' id='word_1_333' title='bbox 148 3381 176 3428; x_wconf 90' lang='lat' dir='ltr'><strong>et</strong></span> <span class='ocrx_word' id='word_1_334' title='bbox 192 3377 298 3429; x_wconf 90' lang='lat' dir='ltr'><strong>nomine</strong></span> <span class='ocrx_word' id='word_1_335' title='bbox 325 3392 388 3436; x_wconf 92' lang='lat' dir='ltr'><strong>suo,</strong></span> <span class='ocrx_word' id='word_1_336' title='bbox 411 3379 492 3442; x_wconf 90' lang='lat' dir='ltr'><strong>prout</strong></span> <span class='ocrx_word' id='word_1_337' title='bbox 513 3373 593 3428; x_wconf 89' lang='lat' dir='ltr'><strong>hodie</strong></span> <span class='ocrx_word' id='word_1_338' title='bbox 616 3380 775 3442; x_wconf 90' lang='lat' dir='ltr'><strong>usurpatur,</strong></span> <span class='ocrx_word' id='word_1_339' title='bbox 799 3389 893 3440; x_wconf 87' lang='lat' dir='ltr'><strong>parum</strong></span> <span class='ocrx_word' id='word_1_340' title='bbox 917 3373 1028 3440; x_wconf 83' lang='lat' dir='ltr'><strong>dignae3</strong></span> <span class='ocrx_word' id='word_1_341' title='bbox 1052 3374 1148 3428; x_wconf 86' lang='lat' dir='ltr'><strong>similis</strong></span> 
     </span>
     <span class='ocr_line' id='line_1_42' title="bbox 148 3441 1148 3510; baseline 0 -14"><span class='ocrx_word' id='word_1_342' title='bbox 148 3442 239 3496; x_wconf 83' lang='lat' dir='ltr'><strong>forsan</strong></span> <span class='ocrx_word' id='word_1_343' title='bbox 261 3444 343 3498; x_wconf 89' lang='lat' dir='ltr'><strong>etiam</strong></span> <span class='ocrx_word' id='word_1_344' title='bbox 369 3444 415 3496; x_wconf 88' lang='lat' dir='ltr'><strong>illa</strong></span> <span class='ocrx_word' id='word_1_345' title='bbox 438 3441 595 3510; x_wconf 84' lang='lat' dir='ltr'><strong>Smyrnaea,</strong></span> <span class='ocrx_word' id='word_1_346' title='bbox 623 3442 698 3496; x_wconf 90' lang='lat' dir='ltr'><strong>cuius</strong></span> <span class='ocrx_word' id='word_1_347' title='bbox 722 3457 854 3495; x_wconf 85' lang='lat' dir='ltr'><strong>unacum</strong></span> <span class='ocrx_word' id='word_1_348' title='bbox 872 3442 1005 3495; x_wconf 89' lang='lat' dir='ltr'><strong>Homereo</strong></span> <span class='ocrx_word' id='word_1_349' title='bbox 1023 3442 1148 3496; x_wconf 89' lang='lat' dir='ltr'><strong>meminit</strong></span> 
     </span>
     <span class='ocr_line' id='line_1_43' title="bbox 146 3510 455 3579; baseline -0.006 -14"><span class='ocrx_word' id='word_1_350' title='bbox 146 3510 243 3566; x_wconf 84' lang='lat' dir='ltr'><strong>Strabo</strong></span> <span class='ocrx_word' id='word_1_351' title='bbox 261 3511 333 3566; x_wconf 88' lang='lat' dir='ltr'><strong>XIV.</strong></span> <span class='ocrx_word' id='word_1_352' title='bbox 352 3528 378 3579; x_wconf 94' lang='lat' dir='ltr'><strong>p.</strong></span> <span class='ocrx_word' id='word_1_353' title='bbox 396 3515 455 3566; x_wconf 80' lang='lat'><strong>646.</strong></span> 
     </span>
    </p>
   </div>
   <div class='ocr_carea' id='block_1_5' title="bbox 0 0 1246 3960">
    <p class='ocr_par' dir='ltr' id='par_1_6' title="bbox 0 0 1246 3960">
     <span class='ocr_line' id='line_1_44' title="bbox 0 0 1246 3960; baseline 0 0"><span class='ocrx_word' id='word_1_354' title='bbox 0 0 1246 3960; x_wconf 95' lang='lat' dir='ltr'><strong> </strong></span> 
     </span>
    </p>
   </div>
  </div>
 </body>
</html>
