2482 3960
516 301 694 353 -59..

100 437 278 509 collegerunt
298 437 423 509 quidam,
443 443 586 496 versatam
600 454 664 497 csse
678 455 796 511 operam
810 455 908 498 eorum
920 439 951 496 in
963 437 1092 497 versibus
1107 447 1134 485 ⁹⁷

99 515 207 585 passim
228 514 415 586 excerpendis
436 520 465 572 et
485 515 717 574 consarcinandis
738 515 775 574 ad
794 515 909 573 modum
923 515 1091 586 Centonem,

99 590 200 661 quales
221 606 257 648 ex
275 591 401 649 Homero
422 607 441 649 a
460 592 566 649 sanctis
587 592 688 649 animis
709 590 777 650 facti
798 598 925 664 exstant,
949 591 1094 649 ridiculae

97 665 227 738 ineptiae
250 667 280 724 in
301 684 410 725 summa
421 669 564 739 gravitate
583 684 689 726 rerum.
728 667 824 739 Atque
845 667 1000 726 absurdum
1020 667 1094 726 illud

99 747 290 802 commentum
311 744 397 803 etiam
416 745 528 816 turpius
549 750 680 803 ornatum
702 752 746 803 est
766 744 802 802 ab
827 744 878 816 iis,
906 744 955 816 qui
974 745 1095 802 circula-

99 819 189 878 torios
209 826 342 878 cantores
361 821 406 878 sui
425 821 563 892 temporis
576 821 728 893 rhapsodis
739 821 847 878 similes
860 821 926 893 rati,
946 837 1002 893 res,
1023 837 1095 892 quas

98 895 143 954 illi
162 896 326 969 cecinerint,
347 897 376 953 in
396 897 495 955 tabula
508 899 601 969 pictas
616 904 646 956 et
658 896 762 956 bacillo
777 897 988 956 demonstratas
1002 896 1092 969 finge-

98 972 179 1030 bant.
218 971 333 1030 Tertius
354 989 434 1032 error
453 974 595 1032 latissime
615 979 706 1046 patet,
726 974 781 1032 hoo
798 974 963 1032 locoonobis
984 975 1013 1030 in
1032 975 1092 1046 pri-

98 1048 153 1106 mis
174 1049 383 1120 coarguendus.
415 1050 490 1108 Nam
510 1050 587 1121 quod
607 1056 674 1107 ante
694 1051 830 1107 usitatam
843 1049 988 1108 scribendi
1001 1057 1093 1108 artem

100 1140 248 1183 commune
269 1131 332 1184 erat
347 1125 526 1185 Carminibus
547 1125 685 1196 omuibus,
706 1126 851 1197 singulare
870 1125 996 1184 Homero
1016 1126 1097 1184 insti-

99 1205 193 1258 tutum
212 1199 354 1273 fecerunt,
375 1218 497 1273 eumque
511 1208 622 1274 vatem„
635 1218 720 1274 quem
733 1202 842 1274 ingenii
855 1203 898 1260 sui
912 1208 1097 1260 monumenta

100 1277 208 1351 scripto
228 1279 413 1349 consignasse
431 1295 489 1338 non
509 1279 688 1350 dubitabant,
708 1295 796 1337 unum
816 1280 862 1336 vel
875 1280 905 1335 in
918 1279 1018 1351 paucis
1033 1295 1098 1337 can-

97 1353 182 1411 titari
202 1361 232 1412 et
250 1355 416 1413 memoriter
435 1356 548 1428 vulgari
568 1356 683 1414 solitum
702 1361 850 1428 putarunt.
881 1355 935 1414 Oui
947 1356 1054 1414 rationi
1067 1362 1098 1413 et

98 1430 165 1502 ipsa
188 1446 237 1488 res
263 1435 293 1489 et
316 1436 447 1489 veterum
471 1432 628 1491 auctoritas
653 1449 771 1504 prorsus
796 1438 947 1505 repugnat.
991 1433 1094 1503 Neque

100 1506 176 1563 enim
200 1508 283 1565 unius
313 1507 447 1580 Homeri,
474 1508 526 1566 sed
556 1513 586 1566 et
609 1508 731 1566 Hesiodi
761 1514 790 1566 et
810 1509 930 1567 aliorum
950 1508 1093 1580 Carmina,

98 1598 240 1653 omneque
261 1584 372 1655 epicum
393 1600 500 1656 genus,
524 1601 590 1643 mox
609 1585 730 1656 lyricum
751 1601 864 1656 quoque
884 1592 914 1643 ct
932 1585 1093 1656 iambicum,

100 1660 249 1731 complexa
269 1667 315 1718 est
334 1677 382 1718 ars
401 1660 662 1733 rhapsodorumffl),
682 1659 793 1731 fuitque
803 1660 853 1718 din
866 1661 939 1719 haec
953 1661 1037 1718 unica
1051 1661 1097 1718 via
1114 1677 1139 1715 sa

99 1734 215 1811 publice
233 1736 376 1809 prodendi
395 1737 511 1809 ingenii,
533 1743 566 1795 ut
579 1739 667 1795 etiam
679 1737 885 1809 Xenophanem
899 1743 1033 1809 poemata
1047 1754 1100 1794 sua

99 1814 195 1884 ipsum
211 1809 385 1890 ῥαψῳδῆσαι
403 1813 587 1885 legamusffl).
620 1814 653 1872 In
666 1813 827 1873 Homericis
848 1820 953 1885 autem,
973 1816 1098 1872 omnium

99 1890 366 1962 praestantissimis,
386 1890 573 1962 plurimorum
593 1890 690 1948 studia
709 1890 847 1962 haesisse,
868 1897 898 1949 et
911 1891 993 1961 quasi
1012 1893 1095 1959 fami-

100 1967 167 2020 liam
192 1965 335 2036 quandam
361 1967 507 2024 exstitisse
528 1970 753 2037 Homaidarcm,
779 1983 853 2037 quae
872 1969 995 2039 primum
1015 1967 1092 2040 apud

101 2039 197 2113 chios,
217 2041 322 2100 deinde
342 2042 411 2100 ahbi
429 2043 504 2100 hano
518 2047 610 2101 artem
624 2042 825 2113 exerceretffi),
845 2043 999 2101 multorum
1012 2045 1095 2101 testi-

99 2117 202 2175 moniis
223 2116 414 2177 confirmatur.

186 2261 223 2325 ⁶³)
252 2259 322 2314 Vide
341 2261 408 2313 Plat.
427 2259 460 2314 de
479 2259 564 2328 Legg.
582 2258 618 2312 II.
636 2275 663 2326 p.
684 2263 741 2313 658.
759 2259 801 2326 Ι).,
818 2259 846 2313 in
863 2259 928 2314 Ioue
946 2276 972 2327 p.
990 2262 1050 2313 530.
1067 2258 1100 2312 B.

100 2328 199 2381 Athen.
217 2327 289 2381 XIV.
307 2344 334 2396 p.
352 2332 410 2382 620.
429 2328 457 2381 C.

169 2414 205 2480 ⁶4)
221 2414 273 2480 Ap.
291 2413 370 2482 Diog.
388 2413 480 2467 Laert.
492 2413 541 2478 lX,
562 2416 601 2467 18.
638 2413 724 2480 Quem
741 2414 829 2468 locum
840 2412 952 2468 Rossins
969 2426 1054 2480 nuper
1071 2411 1100 2464 in

100 2481 288 2536 Commentatt.
306 2479 396 2534 Laert.
413 2498 468 2536 non
489 2481 584 2536 melius
601 2482 706 2550 accepit
718 2498 797 2551 quam
809 2480 970 2536 Fauerlinus
987 2480 1015 2533 in
1032 2479 1103 2533 Diss.

100 2548 134 2602 de
151 2548 317 2616 Xenophane
338 2566 364 2616 p.
383 2553 422 2603 21.

168 2634 204 2702 6⁵)
221 2633 362 2688 Familiam
380 2633 439 2688 dico
457 2650 491 2688 ea
507 2635 709 2704 significatione,
728 2652 781 2704 qua
792 2634 908 2688 familiae
921 2632 1091 2701 appellantur

101 2706 190 2756 sectae
207 2701 250 2756 vel
266 2701 373 2756 scholae
389 2701 617 2770 philosophorum,
635 2720 689 2758 non
700 2711 828 2771 tanquam
838 2703 947 2771 stirpem
959 2708 987 2753 et
996 2715 1091 2768 proge-

99 2768 171 2822 niem
188 2768 306 2824 Homeri.
333 2769 411 2823 Hanc
428 2770 676 2837 interpretationem
693 2771 874 2838 relinquamus
892 2769 1004 2822 vanitati
1014 2768 1093 2821 Chio·

99 2852 160 2890 rum
178 2852 222 2904 ap.
240 2836 326 2891 Strab.
344 2837 416 2890 XIV.
434 2853 461 2904 p.
480 2841 547 2905 645,
564 2854 581 2892 a
598 2855 652 2906 qua
668 2838 781 2892 fortasse
798 2838 851 2906 ipsi
867 2835 1029 2889 Homeridae
1049 2834 1094 2887 ab·

99 2905 216 2958 inerunt.
253 2904 305 2970 Qui
323 2905 346 2959 si
363 2920 427 2959 vere
464 2921 530 2960 enus
547 2922 632 2974 suum,
650 2922 704 2959 non
721 2912 815 2972 artem,
832 2903 971 2956 duxissent
988 2902 1022 2956 ab
1040 2902 1098 2956 Ho-

99 2987 183 3040 mero,
201 2974 294 3041 paullo
311 2973 427 3028 certiora
445 2921 478 3027 ie
496 2974 630 3027 natalibus
649 2980 676 3027 et
693 2973 750 3026 vita
767 2973 825 3026 eius
835 2970 942 3026 tradere
951 2970 1092 3024 debebant.

99 3040 195 3108 Neque
212 3057 276 3095 vero
294 3047 480 3110 argumentum
499 3047 539 3095 est
557 3042 585 3094 in
602 3041 667 3096 locis
678 3041 801 3108 Pindari,
824 3039 944 3094 Acusilai
962 3044 989 3092 et
1006 3038 1100 3091 Hella-

99 3109 153 3161 nici
170 3112 225 3177 (ap.
243 3110 372 3177 Harpocr.
391 3125 415 3161 v.
431 3107 587 3178 Ὁμηρίδαι),
606 3109 678 3177 quod
694 3107 914 3230 vulgaremillam
925 3107 1023 3160 famam
1037 3121 1098 3160 con·

99 3174 202 3243 firmet3
224 3176 307 3231 multo
331 3178 418 3230 miuus
435 3178 464 3229 in
481 3192 531 3231 usu
549 3177 662 3231 nominis
679 3193 733 3244 apu
775 3177 928 3243 Platonem,
950 3174 1097 3228 Isocratem

100 3243 220 3312 aliosque
238 3245 391 3365 scrigtores.
425 3243 569 3298 Exstincta
586 3245 656 3316 euim
676 3244 776 3298 celebri
798 3243 912 3310 familia,
936 3242 1096 3319 translatum

101 3317 143 3366 est
158 3328 256 3367 nomeu
274 3328 290 3366 a
320 3312 427 3380 quosvis
435 3311 546 3366 Homeri
559 3319 691 3381 cantores,
709 3312 878 3380 interpretes,
897 3310 1036 3376 studiosos,
1054 3315 1098 3360 uti

100 3395 144 3448 ap.
170 3381 274 3435 Aeliau.
301 3380 364 3434 Nat.
389 3379 478 3434 Anim.
496 3380 569 3446 XIV,
587 3384 628 3436 25.
647 3387 714 3434 extr.
750 3380 876 3441 (lotorum
894 3393 974 3445 quam
994 3382 1099 3430 mature

100 3448 169 3502 haec
194 3464 238 3503 res
259 3454 318 3503 tota
341 3448 485 3502 obscurata
503 3448 545 3516 sit,
563 3455 685 3502 veterum
703 3446 942 3502 Grammaticorum
961 3445 1096 3500 dissensus

101 3515 219 3570 ostendit
238 3532 281 3583 ap.
300 3516 432 3584 Harpocr.
450 3514 524 3569 Suid.
543 3521 570 3570 et
588 3515 675 3571 Schol.
693 3515 768 3569 Pind.
787 3514 813 3568 11.
832 3528 869 3568 cc.
