2482 3960
509 321 685 373 -31-

105 475 154 533 dia
179 478 283 547 postea
306 469 437 530 historici
462 472 492 525 et
514 468 692 527 litteratores
717 485 774 529 non
803 472 922 542 aequius
942 474 1045 532 tollere
1065 489 1096 532 se
1109 487 1134 526 sa

102 566 189 624 posse
208 552 358 622 putarunt,
378 560 463 617 quam
482 544 507 601 si
521 560 585 604 eam
599 544 721 616 gloriam
733 545 942 618 quodammodo
955 551 1097 621 partiren-

102 633 152 685 tur
170 627 247 684 inter
266 639 372 684 omnes.
393 622 426 679 In
446 637 502 693 quo
522 636 609 680 unum
628 623 699 680 mihi
717 623 839 682 maxime
859 623 976 697 dignum
995 632 1097 686 nauta

102 702 227 775 videtur,
248 700 325 773 quod
343 696 499 771 Euripides
525 704 587 758 toto
607 700 723 758 invento
743 699 781 758 ud
799 699 984 760 Palamedem
1004 708 1097 761 trans·

100 777 221 838 ferendo
245 775 385 837 communi
411 773 518 834 indicio
537 775 628 834 Attici
647 775 755 833 theatri
774 777 932 836 insolenter
950 779 1096 849 illusisset,

102 857 129 914 si
147 857 205 929 iam
226 860 287 912 tum
307 853 345 912 de·
363 852 526 924 antiquiore
546 853 625 910 cultu
644 853 716 911 artis
737 858 767 911 et
782 851 882 911 Cadmi
901 870 1019 914 munere
1033 872 1098 914 con·

103 932 236 991 stitisset.
274 931 378 1001 Neque
396 927 555 1001 Euripides
575 927 647 986 illud
665 926 763 987 iacere
783 931 878 1003 potuit
896 931 1019 1003 primus3
1044 936 1098 990 nec

105 1007 253 1082 fingebant
271 1009 314 1066 ita
333 1005 458 1078 Tragici.
497 1005 559 1063 Iam
578 1021 647 1064 vero
667 1005 692 1062 si
705 1004 888 1065 oblitteratas
902 1008 973 1066 istas
985 1005 1097 1066 fabulas

105 1087 168 1143 iure
195 1083 233 1142 ad
258 1089 360 1158 politas
388 1088 521 1141 auctores
546 1082 705 1153 relicimur,
730 1081 834 1161 ecquid
852 1084 981 1142 accurati
999 1084 1099 1142 iudicii

100 1167 154 1234 est,
174 1161 223 1218 uni
243 1176 351 1231 earum,
370 1174 405 1216 ex
425 1156 527 1217 iisdem
545 1157 672 1217 fontibus
692 1157 806 1231 dncme,
825 1158 892 1220 ideo
911 1160 980 1232 quia
990 1161 1096 1219 ceteris

108 1237 280 1297 celebratior
300 1241 355 1309 est,
375 1233 511 1293 addicere
531 1234 752 1294 credulitatem?

179 1314 219 1372 At
238 1329 374 1386 magnum
394 1316 542 1371 auctorem
561 1312 649 1371 hahet
668 1328 769 1369 munus
791 1310 891 1371 Cadmi
910 1313 1097 1374 Herodotum.

98 1390 205 1461 Vide03
220 1396 250 1449 et
259 1391 346 1448 alium
356 1387 461 1448 addam
471 1405 528 1448 non
537 1390 685 1460 minorem,
695 1394 775 1446 certe
784 1390 882 1461 paullo
892 1391 1095 1463 antiquiorem:
1147 1408 1150 1429 ·

101 1483 155 1525 nec
179 1473 336 1540 propterea
362 1464 463 1523 desino
483 1465 631 1537 dubitare,
655 1481 723 1522 num
742 1481 875 1538 magnam
895 1469 1097 1526 auctoritatem

101 1545 166 1617 ipsa
190 1542 290 1601 fabula
315 1558 368 1600 seu
392 1538 469 1600 fama
495 1541 611 1600 habeat.
649 1542 725 1600 Nam
749 1543 934 1601 temerarium
958 1550 1043 1617 puto,
1068 1545 1097 1602 in

101 1626 184 1678 tanta
203 1625 352 1678 auctorum
373 1618 560 1689 dissensione,
586 1619 636 1675 uni
656 1622 707 1676 aut
725 1619 825 1691 paucis
845 1621 989 1692 assentiri,
1014 1636 1098 1693 prae-

102 1697 202 1755 sertim
227 1697 256 1752 in
282 1712 330 1767 re,
358 1710 432 1767 qnae
457 1711 543 1766 quum
563 1695 648 1767 vulgo
667 1700 748 1752 recte
767 1694 958 1754 Phoenicibus
978 1702 1098 1769 accepta

102 1770 237 1844 ferretur,
250 1769 386 1830 facillime
402 1788 419 1829 a
432 1770 586 1843 Phoenice,
600 1772 775 1830 clarissimae
788 1772 818 1828 in
832 1772 956 1831 Graecia
969 1773 1097 1832 coloniae

103 1849 265 1920 conditore,
291 1863 395 1907 nomen
421 1847 562 1920 adoptare
588 1848 723 1921 potnerit.
762 1847 846 1907 Alter
866 1849 981 1920 quidem
1001 1856 1098 1908 aucto-

98 1942 163 1983 rum
187 1925 302 1983 illorum
321 1924 476 1996 Dionysius
496 1924 629 1993 Milesius
649 1929 708 1996 est,
738 1925 862 1998 scriptor
881 1926 1019 1985 historiae
1039 1943 1098 1997 my·

110 1999 259 2072 thicae14).
298 2001 364 2060 Non
384 2001 422 2057 id·
435 2000 533 2072 affero,
553 2000 630 2072 qnod
650 2018 715 2059 eum
735 2016 867 2073 spernam
886 2007 1006 2074 propter
1024 2001 1099 2060 hanc

99 2077 249 2136 materiem
269 2077 428 2143 scribendi:
449 2093 543 2148 neque
564 2077 637 2136 adeo
656 2082 758 2150 poetas
773 2093 886 2149 sperno,
908 2078 1058 2149 exquibus
1072 2079 1097 2136 is
1111 2095 1135 2133 aa

100 2159 178 2214 totus
197 2152 358 2227 pendebat:
385 2159 513 2212 attamen
538 2151 610 2210 illud
634 2169 691 2211 non
716 2167 867 2224 assequor,
897 2169 948 2211 cur
968 2170 986 2211 a
1005 2153 1096 2222 nobis,
1148 2202 1153 2211 .

99 2231 262 2302 veritatem,
275 2247 332 2289 non
349 2226 497 2286 Φοινικικὰ
507 2225 641 2307 ψεύδηῑὸ)
653 2229 866 2301 quaerentibus,
879 2229 909 2286 in
922 2228 977 2288 hoc
991 2245 1097 2301 genere

100 2307 271 2379 locupletior
290 2307 383 2379 testie,
405 2322 489 2378 quam
509 2307 539 2363 in
553 2306 669 2374 ceteris,
689 2321 763 2377 quae
776 2307 912 2378 narravit,
932 2305 1034 2365 haberi
1048 2306 1097 2364 de·

103 2450 300 2459 ——-—..-...-.,-

98 2535 170 2589 husii
193 2534 228 2589 ad
250 2535 361 2589 Luciam
380 2534 412 2586 Τ.
429 2535 450 2587 Ι.
469 2550 495 2601 p.
513 2539 554 2590 88.
578 2540 719 2602 po'e'tarum
743 2549 890 2587 sermonem
908 2533 1019 2587 nimium
1036 2549 1096 2601 pre-

99 2603 204 2660 mentis.
231 2603 353 2670 Accedit,
372 2603 443 2670 quod
460 2619 510 2657 nec
527 2603 637 2657 Tacitus
655 2602 811 2670 gravissimo
830 2602 966 2656 locoAnn.
980 2601 1027 2669 XI,
1048 2607 1095 2669 14,

99 2687 150 2726 nec
167 2671 305 2741 Hyginus,
328 2685 379 2724 nec
401 2670 453 2724 Dio
472 2671 689 2792 Ghsssostomus,
711 2667 847 2724 Palamedi
871 2671 983 2723 eandem
1005 2670 1096 2723 inven-

100 2739 201 2793 tionem
218 2738 377 2805 tribuentes,
395 2754 429 2792 ex
448 2756 501 2793 uno
545 2738 650 2805 nripidc
667 2738 696 2791 id
714 2737 857 2805 sumpsisse
874 2737 960 2791 rideri
977 2744 1096 2804 possunt.

139 2807 188 2859 ihil
205 2807 297 2875 utique
316 2806 389 2860 aliud
406 2805 524 2860 affirmat
541 2807 583 2873 E,
602 2823 682 2875 qnam
699 2804 770 2873 quod
787 2805 873 2858 literis
891 2805 1020 2859 ordinatis
1032 2805 1096 2858 faci-

112 2875 196 2929 'orem
213 2874 307 2928 utendi
325 2873 511 2943 scribendique
529 2875 660 2928 rationem
678 2873 831 2927 ostenderit.
844 2873 913 2942 ΤΗ.]
932 2872 1032 2926 Omitto
1043 2872 1096 2924 De·

101 2943 260 2997 clamatores
279 2943 346 2997 duos
363 2942 391 2994 in
409 2941 494 2996 Oratt.
513 2943 559 2998 Gr.
577 2942 669 2996 Reisk.
688 2942 719 2994 T.
728 2940 802 2994 VIII.
821 2955 848 3006 p.
866 2942 907 2995 74.
923 2946 950 2992 et
961 2943 1027 3005 118,
1045 2939 1097 2993 etsi

102 3010 143 3063 illi
160 3011 285 3079 antiquos
309 3026 431 3064 rumores
454 3011 482 3063 in
500 3009 665 3079 argumentis
697 3009 751 3062 suis
777 3008 862 3062 secuti
886 3013 954 3062 sunt.
989 3007 1032 3061 Ab
1055 3007 1096 3060 his

101 3078 223 3132 omnibus
245 3078 402 3132 Palamedes
424 3093 478 3131 non
503 3094 650 3146 paucarum
673 3076 839 3146 quarundam
862 3076 1025 3143 litterarum,
1049 3075 1096 3129 sed
1205 3099 1211 3110 ·

98 3146 216 3200 universi
233 3147 335 3201 inventi
352 3152 446 3200 auctor
464 3146 628 3214 perhibetur.

170 3232 207 3295 14)
225 3231 258 3310 In
270 3247 372 3310 'magno
391 3248 488 3300 opere,
512 3228 622 3301 Κύκλῳ,
647 3230 723 3308 cuius
747 3228 799 3308 loci
821 3243 901 3296 saepe
919 3226 1062 3281 laudantur
1079 3242 1096 3279 a

105 3298 306 3366 Grammaticus3
324 3314 347 3353 rs
359 3316 411 3368 quo
426 3299 471 3353 hic
481 3301 590 3367 utimur,
600 3314 616 3352 a
626 3297 745 3352 Diodoro
755 3297 806 3352 Sic.
817 3296 867 3363 ΙΙΙ,
881 3300 921 3350 66.
936 3294 985 3362 [cf.
996 3293 1028 3347 V.
1040 3296 1093 3363 bt]

168 3385 204 3453 15)
222 3383 337 3438 Locutio
355 3385 529 3451 proverbialis
547 3376 587 3437 est
605 3383 678 3450 apud
689 3381 814 3435 Eustath.
827 3380 862 3435 ad
875 3381 968 3448 Odyss.
977 3395 1004 3446 p.
1020 3381 1094 3434 1757.

101 3449 134 3504 de
156 3451 231 3504 miris
254 3458 283 3505 et
306 3452 515 3507 incredibilibus.
559 3453 682 3522 [ψεῦσμα
704 3447 847 3502 Φοινικικόν
871 3447 1029 3502 Posidonius
1051 3463 1094 3515 ap.

99 3518 220 3574 Strabon
241 3520 263 3588 I,
280 3525 297 3574 5
314 3537 341 3590 p.
361 3523 428 3589 ltu]
