2482 3960
501 301 677 356 -153-

173 447 213 506 At
231 449 345 507 brevius
366 448 452 506 ctiam
473 447 610 506 dicendus
629 449 709 509 nobis
729 450 912 509 Aristarchus
932 450 1082 522 interpres.
1097 463 1134 502 aa

99 523 147 582 De
163 540 219 596 quo
240 531 335 587 tamen
355 530 388 583 ut
403 523 475 581 nihil
493 525 624 597 sciamus,
643 527 698 584 nisi
712 528 787 598 quod
800 527 984 599 allegoricam
996 528 1084 586 ratio
1098 541 1135 580 aas

99 615 164 659 nem
183 601 393 674 interpretandi
411 601 592 673 improbavit,
613 608 642 661 et
655 603 814 662 doctrinam
827 604 945 663 Homeri
958 603 1084 675 augusti·

100 677 198 735 oribus
216 675 318 736 finibus
339 677 462 749 inclusit
488 677 524 735 de
544 679 633 751 ipsius
654 679 749 739 sobrio
769 680 874 739 iudicio
894 681 966 738 bene
989 680 1085 738 existi-

99 754 234 811 mandum
253 752 340 824 sith).
370 753 466 824 Atque
485 757 598 813 omnino
616 755 670 814 hac
690 757 798 829 ingenii
817 758 846 813 vi
866 773 930 814 eum
950 757 1084 827 valuisse,

98 828 222 900 indeque
242 831 337 902 etiam,
357 835 389 887 ut
407 828 449 898 fit,
469 831 609 902 quaedam
629 833 700 891 vitia
720 833 780 890 eius
800 833 968 905 marcuisse,
988 833 1084 890 multis
1098 855 1136 893 aso

99 908 275 977 argumentis
303 907 481 979 intelligitur.
520 909 594 966 Nam
619 915 648 967 et
675 910 887 981 grammaticam
907 908 1085 980 diligentiam
1191 946 1201 971 s

99 983 231 1048 ieiunius,
251 999 336 1054 quam
348 999 466 1041 necesse
481 989 552 1056 erat,
573 986 722 1057 quaesivit,
744 992 773 1043 et
786 985 955 1044 audaciores
967 1001 1085 1056 genero-

100 1059 247 1130 sioresque
262 1061 418 1119 sententias
436 1066 540 1134 poetae
559 1063 687 1134 corrupit
704 1078 761 1120 non
783 1078 860 1129 raro,
880 1078 935 1133 quo
958 1077 1007 1120 eas
1021 1077 1084 1133 pro·

100 1133 166 1207 pius
185 1135 223 1193 ad
236 1142 367 1195 naturam
382 1142 412 1195 et
424 1138 576 1196 veritatem
589 1137 749 1196 reduceret.
769 1137 880 1196 Paucas
895 1137 1009 1208 quidem
1024 1139 1085 1195 eius

102 1212 315 1271 emendationes
329 1221 359 1271 et
372 1213 550 1273 coniecturas
564 1214 592 1271 in
606 1215 730 1273 Homero
745 1220 775 1272 et
788 1214 1006 1272 Pindaro-certo
1021 1229 1087 1285 cog-

101 1288 242 1360 novimus3
261 1305 315 1347 nec
332 1296 429 1348 tamen
447 1291 476 1347 in
493 1291 548 1349 hoc
566 1307 684 1350 numero
698 1290 801 1348 desunt
814 1291 970 1362 specimina
980 1287 1087 1368 φνχριν

101 1362 207 1441 λογίας,
225 1367 255 1422 in
276 1365 459 1424 emendatore
478 1372 582 1439 poetae
601 1383 780 1439 nequaquam
793 1365 929 1426 ferendae
936 1366 981 1437 ³⁵).
1014 1368 1088 1438 Quo-

100 1515 157 1562 ται,
182 1503 227 1550 νῦν
252 1499 282 1549 δὲ
308 1517 327 1549 π
347 1498 376 1556 ὸς
393 1497 532 1580 epdomada
552 1499 609 1550 ἐστι
626 1499 670 1549 καὶ
687 1500 729 1551 δεῖ
743 1500 860 1568 γράφειν
878 1500 947 1568 ἑῆος.
971 1499 1088 1577 ἠγνόηκε

100 1565 131 1616 δὲ
150 1567 198 1635 τὴν
217 1565 298 1623 λέξιν.
332 1583 376 1616 στι
386 1580 440 1630 γαρ
452 1564 514 1633 ἑῆος
522 1565 635 1632 ἀγαθοῦ,
654 1566 696 1617 καὶ
708 1569 781 1636 durari
802 1585 831 1626 ες
842 1568 921 1618 ἐάων.
936 1567 998 1634 (cod
1018 1565 1087 1619 Vrct.

101 1635 176 1700 ἑῆος,
200 1633 247 1686 sed
264 1633 335 1686 idem
351 1633 429 1701 6555)]
449 1647 509 1687 eum
526 1633 598 1701 ἑῆος,
621 1633 737 1701 genitivo
790 1631 957 1699 1551ἰνὶἐῦς,
980 1633 1013 1686 de
1036 1648 1089 1700 quo

101 1707 192 1753 tamen
213 1716 247 1753 ne
271 1717 342 1754 nunc
360 1700 468 1768 quidem
485 1701 550 1754 satis
568 1707 656 1755 certus
673 1717 731 1754 sum
749 1703 910 1770 sententiae,
932 1702 1090 1770 praesertim

101 1769 222 1835 inspecto
239 1768 381 1836 Apollonio
399 1767 477 1823 Alex.
496 1786 522 1837 p.
544 1771 599 1825 157.
619 1770 646 1838 [2
663 1786 732 1836 pers.
754 1770 783 1823 Λ.
803 1775 859 1824 142.
877 1771 986 1836 Ζ5ηοᾱ.]
1009 1769 1090 1821 -In

102 1837 184 1889 tertia
201 1852 269 1903 pers.
288 1837 356 1904 plur.
376 1838 420 1896 ἑός
444 1836 543 1907 legitur
565 1838 647 1890 semel
670 1839 698 1891 in
720 1838 827 1892 Hesiod.
842 1836 889 1905 'Ep
908 1843 975 1904 .58.,
1005 1837 1091 1890 bisin

101 1904 278 1970 Batrachom,
304 1905 410 1971 saepius
431 1920 473 1971 ap.
490 1905 693 1973 Alexandrinos,
712 1907 792 1960 etiam
813 1922 855 1973 ap.
894 1923 944 1959 om.
967 1905 1046 1970 uulgo
1059 1905 1090 1956 Il.

103 1972 126 2024 l.
143 1974 193 2038 76,
223 1972 270 2025 sed
287 1973 409 2039 equidem
424 1972 451 2025 id
466 1973 567 2027 mutavi
579 1975 743 2027 constantiae
756 1988 844 2027 causa.
862 1974 951 2040 Atque
964 1973 1002 2025 ita
1012 1972 1092 2038 Epici

102 2038 209 2106 quidam
218 2038 245 2091 id
256 2056 403 2106 pronomen
415 2041 495 2093 etiam
506 2041 534 2094 in
545 2046 557 2094 1
571 2047 599 2092 et
610 2045 704 2107 2pers.
717 2042 786 2107 plur.
797 2047 944 2092 traxerunt.
962 2041 1019 2092 lam
1032 2055 1091 2092 curn

101 2107 156 2160 illis
165 2121 215 2160 uss.
225 2106 256 2159 Il.
266 2126 287 2160 κ.
298 2111 356 2163 311.
365 2111 423 2161 398.
434 2113 461 2160 51
469 2107 563 2176 Odyss.
573 2125 597 2160 α.
609 2113 666 2161 117.
676 2112 734 2160 402.
744 2107 842 2161 confer.
850 2107 974 2175 Apollon.
983 2106 1027 2159 Rh
1045 2104 1091 2173 lV,

105 2176 178 2229 1327.
199 2179 281 2241 1353,
299 2180 327 2227 51
344 2181 479 2228 auctorem
499 2176 648 2235 Δολωνείας
669 2175 742 2228 haud
759 2175 828 2227 male
846 2175 964 2228 locutum
981 2173 1092 2239 senties3
1136 2197 1139 2201 ²

101 2257 189 2309 neque
212 2242 356 2310 releganda
378 2242 467 2295 omnia
488 2243 595 2310 putabis
618 2243 652 2296 ad
683 2243 860 2296 barbarismos
878 2248 905 2294 51
917 2241 1092 2308 soloecismos,

103 2324 173 2378 quae
190 2311 362 2363 Aristarchus
384 2317 583 2376 compunxerat.
618 2310 724 2364 Abusus
747 2325 810 2363 raro
832 2310 971 2377 analogiae
995 2310 1039 2362 ille
1065 2309 1092 2361 in

104 2378 260 2446 possessivis
276 2377 476 2445 pronominibus
493 2384 568 2431 tanto
586 2377 690 2432 facilior
707 2378 770 2445 i‘uit,
795 2377 818 2430 si
840 2393 872 2430 ea
897 2378 932 2431 ad
954 2377 1093 2431 obscuram

103 2446 238 2500 notionem
264 2450 313 2497 τοῦ
335 2446 401 2498 ἰδίου
423 2445 588 2510 referebant,
617 2447 658 2498 uti
681 2446 852 2500 Grammatici
875 2446 984 2499 iaciunt.
1024 2443 1092 2497 Vide

77 2572 81 2580 ,
104 2512 196 2567 Treta.
215 2513 250 2566 ad
267 2514 375 2568 Hesiod.
389 2509 460 2581 Ἕργ.
476 2517 531 2568 152.
568 2513 675 2568 Canteri
686 2513 752 2567 Nor.
766 2514 853 2567 Lectt.
868 2513 899 2580 V,
920 2517 958 2568 13.
977 2513 1092 2566 Brunck.

102 2580 138 2634 ad
154 2583 277 2650 Aeschyl.
297 2582 383 2635 Prom.
400 2586 424 2635 9.
443 2582 531 2634 Alteri
549 2581 638 2637 Praei.
657 2582 691 2635 ad
711 2582 802 2651 Odyss.
822 2598 848 2649 p.
866 2586 907 2636 41.
926 2597 982 2649 sqq.

171 2667 206 2730 ³4)
224 2666 283 2719 Hoc
300 2666 433 2734 posterius
460 2681 493 2719 ex
518 2665 603 2720 Strab.
621 2667 642 2718 l.
661 2683 686 2734 p.
705 2670 746 2720 31.
769 2666 950 2733 similibusque
975 2664 1094 2732 vestigiis

102 2733 207 2800 colligo.
234 2733 308 2798 Quae
317 2741 407 2787 autem
419 2733 447 2786 in
459 2733 555 2787 Scholl.
566 2733 601 2788 ad
609 2734 855 2800 interpretationem
866 2741 995 2801 spectant,
1007 2747 1092 2800 paene

108 2804 198 2855 omnia
212 2802 297 2854 miuus
316 2801 408 2869 gravia
419 2809 489 2869 sunt,
498 2803 582 2855 multa
595 2802 661 2855 adeo
673 2802 701 2853 in
713 2801 834 2854 facilibus
848 2801 941 2868 glossis
954 2807 1093 2866 occupata.

106 2868 175 2922 Vide
193 2868 227 2922 ad
249 2871 270 2935 β.
284 2871 342 2923 271.
359 2869 416 2922 Cat.
426 2874 485 2924 316.
504 2871 575 2936 quod
596 2868 749 2936 saepissime
766 2869 903 2934 repetitur.
943 2868 964 2918 d.
977 2872 1035 2920 343.
1049 2865 1093 2928 (ci.

104 2937 377 3003 Apollou.Alex.ll.
395 2953 412 3004 p
442 2940 510 3006 166)
547 2957 562 2990 ι.
582 2943 622 2991 90.
659 2957 679 2987 κ.
697 2941 755 2990 351.
791 2936 955 3002 l.63l.sqq.
989 2953 1015 2996 μ.
1035 2937 1094 2987 258.

105 3025 127 3057 ν.
145 3009 187 3059 82.
205 3008 263 3058 564.
288 3005 311 3063 ξ.
330 3009 387 3058 216.
416 3024 442 3058 π.
460 3010 501 3059 59.
530 3025 555 3058 c.
574 3008 631 3060 570.
662 3025 684 3057 ν.
704 3008 762 3058 357.
789 3022 815 3070 φ.
835 3007 892 3056 319.
912 3005 1010 3067 344.φ
1036 3005 1094 3054 365.

107 3073 167 3128 387.
184 3076 241 3128 638.
259 3077 318 3128 826.
336 3074 395 3127 876.
413 3093 442 3129 ω.
459 3077 517 3127 315.
536 3077 658 3128 316515.
694 3071 857 3137 Aesthetica‚
878 3086 946 3137 quae
958 3076 1094 3135 vocantur,

105 3140 204 3194 inillis
222 3141 312 3195 insunt
329 3155 473 3208 perpauca,
490 3146 520 3195 nt
538 3141 572 3194 ad
590 3160 616 3193 π.
638 3142 686 3194 170
712 3138 770 3206 (ubi
786 3138 909 3192 dissentit
926 3138 1049 3202 aThuc.)
1068 3142 1096 3188 et

125 3252 131 3262 .
154 3212 213 3263 468.
253 3209 294 3262 De
320 3207 471 3261 Aristarchi
497 3209 676 3276 explicatione
702 3205 891 3260 vocabulorum
915 3205 979 3258 alibi
1002 3220 1035 3257 ex
1057 3203 1096 3256 in-

100 3227 209 3330 dustria
231 3275 363 3344 agendum
381 3275 445 3342 erit,
463 3275 582 3330 adhibito
600 3273 748 3344 Hesychio‚
765 3273 880 3342 Etpmol.
899 3272 937 3325 M.
955 3278 983 3326 et
1000 3271 1096 3325 ceteris

108 3344 326 3412 Lexicographis‚
344 3343 391 3410 qni
408 3342 480 3396 illius
496 3344 705 3398 Commentarios
723 3340 840 3394 studiose
859 3339 1042 3407 compilarunt.

176 3430 213 3492 ³⁶)
231 3428 292 3482 Non
309 3426 416 3495 quidem
431 3426 492 3494 plus
504 3433 547 3480 ter
555 3432 603 3479 aut
612 3432 707 3494 quater
715 3424 785 3476 illius
794 3421 972 3477 correctiones
982 3420 1095 3475 afferun-

109 3503 154 3550 tur
170 3497 216 3564 ita,
235 3503 267 3550 ut
287 3497 442 3548 coniecturas
455 3509 515 3548 esse
528 3493 627 3562 liquido
640 3498 752 3559 constet,
770 3509 795 3544 v.
809 3505 832 3544 c.
844 3489 879 3542 ad
891 3491 918 3542 3.
931 3494 989 3545 235.
1002 3487 1095 3542 Ἠττον
