2482 3960
564 259 741 312 ..30-

164 410 278 479 cogant
296 412 338 478 ut,
358 406 472 464 etiamsi
491 405 606 464 litterae
626 410 694 463 ante
712 405 869 464 Homerum
888 406 918 462 in
933 405 1086 464 Graeciam
1105 407 1160 466 inr-

110 539 117 549 ,
163 486 297 556 portatae
318 487 415 541 essent
434 497 542 551 omues,
560 486 657 548 tamen
676 479 844 540 facultatem
858 488 888 540 et
901 497 984 540 usum
999 498 1098 541 earum
1111 500 1161 542 ue-

164 573 219 630 qne
245 558 283 616 ad
312 558 394 616 initia
421 557 620 632 olympiadum
648 555 710 617 iere
741 558 851 616 nullum
880 556 969 616 insse
995 558 1161 618 credamus.

163 635 256 693 Huius
283 635 327 693 rei
346 650 435 693 causa
458 634 540 695 uobis
559 633 736 693 haerendum
759 650 816 693 uon
836 634 892 692 erit
910 635 941 691 in
959 636 1079 700 occultis
1100 637 1162 709 pri-

163 710 281 770 mordiis
294 711 458 771 inconditae
471 711 552 783 artis,
578 726 652 783 quae
661 711 777 784 longam
790 710 1014 784 disputationem
1027 719 1162 784 poscunt,

164 805 181 846 a
200 787 385 856 Phoenicum,
403 787 623 861 Aegyptiorum,
640 787 848 855 Hebraeorum,
868 786 1040 847 Latinorum
1053 789 1161 848 litteris

162 881 220 923 non
240 863 455 936 seiungendum.
494 862 553 923 Sed
573 879 610 922 ex
628 863 707 922 hisce
727 864 842 937 populis
863 879 940 932 eum,
959 879 1044 936 quern
1064 865 1161 937 primo

165 941 228 999 loco
248 941 406 1009 nominavi,
430 955 490 999 rem
515 940 561 999 vel
586 939 664 1013 apud
688 956 720 998 se
739 940 884 998 inventam
903 939 1026 1013 vidisse,
1052 942 1162 1000 velita

166 1016 326 1075 excoluisse
351 1022 381 1075 et
406 1016 445 1075 ad
465 1017 536 1076 alios
555 1017 686 1090 populos,
705 1017 872 1076 nominatim
895 1016 1035 1089 Graecos,
1063 1023 1163 1091 pertu-

164 1095 249 1160 lisse,
274 1100 306 1151 ut
329 1097 430 1152 auctor
456 1093 518 1152 eius
546 1093 603 1151 dici
622 1099 653 1152 et
671 1092 772 1151 haberi
791 1098 904 1167 posset,
929 1098 989 1152 turn
1008 1092 1163 1152 admodum

166 1176 300 1228 constans
320 1167 406 1239 fama,
426 1173 487 1226 tum
507 1170 571 1242 ipsa
590 1167 685 1241 figura
697 1169 860 1228 litterarum
874 1169 1051 1228 Graecarum
1063 1171 1162 1229 vincit.

165 1246 228 1317 Quo
254 1249 384 1316 tempore
409 1249 506 1302 autern
530 1245 581 1302 illa
609 1246 666 1302 tria
684 1242 763 1303 facta
781 1246 852 1317 sint,
877 1246 1164 1305 incertissimumest

166 1325 286 1397 propter
304 1327 364 1379 tan
383 1320 474 1379 mrdta
492 1320 618 1379 ludibria
636 1319 806 1379 fabularum.
845 1321 1020 1380 Teneremus
1042 1323 1162 1395 aliquid,

165 1397 222 1455 nisi
241 1397 349 1456 vetusti
369 1397 412 1454 illi
431 1396 587 1470 scriptores
606 1396 781 1456 Phoenicum
800 1397 839 1456 ad
857 1397 991 1457 Phemios
1012 1405 1042 1457 et
1054 1399 1163 1458 Prona·

164 1473 250 1546 pidas
271 1471 426 1546 ablegandi
439 1470 544 1546 essent,
564 1478 616 1531 aut
628 1474 654 1531 si
666 1473 726 1533 ullo
739 1479 858 1533 anctore
871 1479 1026 1548 constaret,
1047 1474 1163 1546 quando

164 1551 237 1608 haec
257 1566 328 1623 gens
350 1556 380 1608 et
399 1550 446 1607 cui
464 1565 561 1608 rerum
575 1551 675 1623 generi
688 1551 859 1623 scripturam
873 1549 1011 1608 adhibere
1024 1553 1161 1624 eoeperit.

166 1627 273 1686 Verum
292 1626 456 1687 huiusmodi
475 1627 584 1684 nullum
603 1642 723 1698 usquam
743 1632 840 1685 exstat
851 1627 1014 1699 vestigium,
1035 1645 1069 1685 ac
1082 1644 1119 1685 ne
1132 1629 1163 1685 in

167 1704 344 1762 commerciis
369 1701 484 1775 quidem
512 1708 542 1761 et
565 1709 729 1762 mercatura
754 1702 902 1761 adhibitae
928 1720 947 1763 a
971 1702 1163 1762 Phoenicibus

167 1780 239 1838 artis
263 1794 333 1838 suae
359 1780 467 1838 mentio
493 1778 533 1840 iit.
572 1779 636 1838 Hoc
661 1779 710 1850 qui
734 1795 846 1838 mecum
871 1780 1009 1849 miratus,
1035 1785 1079 1839 tot
1104 1781 1164 1839 alia

166 1856 273 1915 indicia
291 1855 428 1914 tardioris
447 1856 577 1914 culturae
595 1855 758 1913 litterarum
777 1855 948 1929 perpendat,
967 1854 1089 1916 forsitan
1102 1863 1164 1915 sta-

166 1933 218 1990 tim
238 1932 268 1990 in
286 1932 361 1991 hanc
385 1931 525 1992 concedet
545 1931 727 2000 sententiam,
753 1937 794 2001 ut,
820 1931 960 2004 quidquid
981 1949 999 1990 a
1018 1933 1162 1992 nonnullis

167 2009 204 2067 de
223 2014 368 2067 vetustate
388 2006 563 2081 frequentati
582 2024 652 2066 usus
666 2013 918 2078 earumnurratur,
938 2013 1075 2080 tanquam
1088 2025 1163 2068 com·

166 2091 293 2145 mentum
314 2086 489 2146 Graecorum
509 2086 623 2144 Graeca
640 2082 698 2142 tide
718 2083 891 2143 censendum
912 2100 976 2143 esse
996 2084 1162 2143 arbitretur,

128 2185 152 2222 51
241 2163 378 2236 Improba
397 2178 512 2236 semper
524 2162 591 2221 huic
604 2162 684 2235 genti
696 2160 802 2234 cupido
815 2159 878 2232 fuit,
899 2160 1059 2218 clarissima
1075 2176 1164 2231 quee-

167 2255 223 2311 que
236 2240 370 2298 instituta
390 2255 425 2297 er
444 2239 551 2297 ultimis
565 2238 742 2311 temporibus
755 2234 916 2310 repetendi,
937 2241 968 2294 et
979 2241 1092 2294 tantum
1105 2253 1163 2295 non

166 2315 291 2375 omnium
303 2331 413 2387 rerum,
431 2313 534 2385 quibus
547 2315 640 2373 serior
652 2313 814 2371 humanitas
828 2311 987 2383 constabat,
1007 2312 1162 2371 utilitatem

167 2392 322 2450 inventioni
341 2391 461 2448 heroum
481 2405 597 2447 suorum
617 2387 813 2447 consecrandi.
838 2386 872 2445 Id
886 2393 946 2446 turn
958 2387 1079 2445 aliarum
1092 2390 1163 2445 mul-

168 2473 261 2525 tarum
288 2472 349 2524 tum
373 2466 458 2523 huius
483 2480 596 2537 quoque
620 2465 691 2522 artis
717 2465 825 2537 primos
844 2464 969 2523 cultores
989 2465 1161 2523 obscuravit.

167 2544 243 2601 Nam
270 2543 344 2600 sicut
369 2540 494 2612 Atlanti,
529 2539 645 2613 Cepheo
675 2545 706 2597 et
730 2541 828 2599 multis
854 2541 969 2599 illorum
993 2541 1162 2612 aequalibus

170 2620 302 2678 notitiam
321 2618 447 2676 siderum
468 2615 641 2688 tribuerumt,
660 2616 808 2688 antiquam
828 2613 933 2674 famam
955 2615 1162 2690 detorquendo,

167 2696 209 2764 sic
228 2700 332 2769 poetae
352 2694 487 2752 videntur
505 2691 644 2766 pluribus,
664 2708 735 2764 quos
755 2692 792 2751 ab
812 2693 933 2751 scientia
946 2695 1162 2751 utilissimarum

167 2788 263 2830 rerum
283 2771 397 2831 laudari
417 2769 580 2841 audissent,
605 2775 656 2828 aut
680 2785 800 2841 quorum
826 2770 930 2827 merita
955 2769 984 2826 in
1008 2770 1162 2827 humanum

168 2864 258 2922 genus
279 2848 418 2907 extollere
437 2845 553 2918 vellent,
573 2846 742 2918 praeclarae
761 2845 845 2904 huius
866 2846 937 2904 artis
957 2861 1009 2904 seu
1029 2846 1162 2903 inventae

167 2941 219 2983 seu
240 2926 391 2997 insigniter
406 2922 576 2982 emendatae
596 2923 802 2994 percultaeque
814 2921 930 2980 laudem
942 2921 1087 2979 tribuisse.
1107 2923 1161 2993 Ita,

167 3017 255 3071 quum
275 3002 338 3060 illos
350 3016 520 3073 progressus
533 3015 590 3057 non
604 2998 825 3071 distinguerent,
844 2997 1004 3070 Aeschylus
1018 3014 1079 3056 rem
1092 2998 1162 3058 Pro·

167 3078 282 3135 methea
306 3093 367 3148 suo,
392 3077 443 3134 alii
463 3075 593 3148 Cecropi,
618 3076 668 3133 alii
694 3074 819 3147 Orpheo,
845 3075 894 3132 alii
918 3074 1002 3147 Lino,
1029 3075 1162 3147 plerique

170 3153 291 3226 Cadmo,
318 3153 444 3212 nonnulli
469 3150 619 3210 Palamedi
650 3150 923 3223 assignaverunt¹³).
968 3151 1049 3209 Haec
1079 3150 1162 3208 dissi-

236 3334 273 3400 13)
290 3333 333 3387 Sic
350 3330 418 3385 Euri
436 3330 494 3384 ides
511 3328 539 3382 in
556 3329 639 3383 nobili
657 3328 766 3396 Fragm.
784 3327 935 3382 Palamedis
954 3342 998 3396 ep.
1017 3326 1161 3382 Stobaenm

167 3401 294 3521 ἙΙοτίΙιιῗἰ
311 3399 383 3454 T.L
476 3440 482 3451 .
517 3396 587 3477 Nam
611 3396 646 3476 de
669 3411 748 3451 sensu
765 3395 861 3476 horum
877 3411 1016 3476 uersuum,
1046 3396 1110 3448 item
1128 3393 1161 3447 de

168 3468 274 3537 Aeschy
285 3463 886 3534 1locoProm.459.,drssentrendumputamab
896 3462 1162 3531 opimoneHemster-
