2482 3960
591 321 629 334 ·-
657 296 768 350 118-

626 578 748 653 XLII.

260 750 361 810 Redeo
382 751 420 810 ad
439 753 515 812 viros
536 750 646 820 dorios,
666 752 716 822 qui
736 750 830 809 adhue
849 751 948 809 viumt
968 751 1001 808 in
1022 755 1193 826 superstiti-

184 828 238 887 bus
264 829 453 901 scriptoribus
480 833 510 887 et
530 828 707 889 Scholiastis.
748 827 917 899 Quanquam
936 827 1141 900 plurimorum
1160 847 1192 889 ex

183 905 241 963 illis
264 905 398 977 precaria
423 905 483 963 vita
508 911 562 963 ost.
600 905 668 976 Ipse
690 903 810 976 quidem
832 903 945 974 Zoilus,
983 902 1191 967 famosissimis

184 978 288 1040 fabulis
308 981 433 1042 ludibrio
452 983 578 1062 omniurn
597 986 759 1053 temporum
779 979 917 1052 obiectus,
938 981 1052 1052 quibus
1074 985 1191 1056 potissi·

183 1073 261 1116 mum
284 1058 315 1115 in
332 1057 420 1116 rebus
440 1057 586 1116 allatrarit
603 1057 775 1128 Homerum,
802 1073 907 1130 pamm
926 1057 1108 1132 constat⁶²).
1146 1061 1190 1119 lta

184 1135 398 1206 nonnullorum,
424 1135 473 1206 qui
493 1134 628 1193 dicuntur
647 1135 697 1191 uni
715 1135 761 1192 rei
781 1149 833 1191 seu
852 1133 994 1193 vocabulo
1014 1141 1130 1207 poetae
1149 1143 1189 1196 to
1221 1140 1225 1149 ’

133 1234 172 1275 raa
184 1215 244 1269 tam
264 1211 352 1269 vitam
371 1211 567 1283 insumpsisse,
587 1227 624 1268 ne
643 1210 716 1270 haee
735 1209 851 1281 quidem
870 1215 931 1268 tam
950 1225 1134 1272 aerumnosa
1151 1214 1190 1271 in-

184 1292 271 1345 venta
290 1287 375 1358 plene
395 1292 532 1360 excerpta
551 1285 731 1358 legimussslp
762 1286 812 1345 alii
837 1285 912 1346 adeo
931 1302 991 1345 una
1010 1303 1112 1360 prava
1130 1306 1190 1350 eor

184 1363 326 1433 rectione,
354 1363 404 1420 alii
427 1379 485 1422 una
508 1363 764 1436 interpretatione,
789 1363 839 1422 alii
863 1379 920 1423 uno
945 1369 1077 1424 aeeentn
1097 1366 1189 1439 istan,

185 1454 270 1510 quarn
290 1438 422 1512 diximus,
441 1440 686 1500 immortalitatem
706 1439 807 1513 adepti
826 1438 943 1512 sumit).

252 1633 288 1700 ⁶2)
306 1633 334 1688 Si
350 1633 418 1687 nihil
435 1633 468 1688 de
485 1634 560 1689 Zoilo
579 1639 732 1702 superesset
740 1639 850 1702 praeter
861 1635 908 1690 illa
919 1633 990 1690 ada.
1002 1640 1065 1693 129.
1075 1655 1097 1691 ε.
1111 1643 1138 1693 4.
1148 1642 1186 1695 10.

184 1722 208 1758 κ.
223 1705 285 1757 274.
309 1721 334 1754 ο.
353 1705 394 1756 22.
419 1707 447 1756 11
463 1701 540 1756 Eust.
569 1701 604 1756 ad
622 1700 715 1769 Odyss.
741 1717 768 1770 p.
789 1706 877 1772 1614„
903 1703 1019 1759 invisam
1045 1706 1074 1759 ei
1095 1707 1187 1786 poesin

185 1785 291 1826 omnem
314 1769 397 1824 fuisse
415 1769 532 1837 diceres,
554 1770 688 1839 planeque
706 1769 856 1838 ignoratam
892 1771 954 1826 risei
973 1775 1036 1826 aeri
1055 1778 1185 1829 rabonem

185 1837 317 1893 sentiendi
345 1837 532 1906 loquendique.
572 1838 604 1891 In
628 1853 681 1905 quo
704 1843 795 1892 tamen
817 1838 873 1893 nih·
905 1839 1055 1894 admodum
1080 1848 1186 1911 praeter

186 1911 290 1961 eeteros
307 1906 443 1973 peccavit:
467 1905 545 1959 modo
568 1906 670 1960 rabiem
694 1905 828 1961 addidisse
851 1905 958 1961 ridetur
981 1907 1140 1977 prolectam
1154 1908 1185 1965 ab

185 1973 333 2030 acerbitate
361 1978 388 2028 et
411 1974 545 2041 pravitate
568 1974 658 2028 animi.
694 1973 796 2028 Similia
819 1973 872 2030 illis
888 1990 970 2043 saepe
988 1976 1073 2031 multi
1090 1977 1185 2033 1111111

185 2040 350 2110 temporibus
374 2041 502 2096 adversus
525 2040 585 2096 Vet.
608 2042 681 2095 Test.
704 2042 869 2110 seripserunt
894 2043 1013 2111 impune.
1061 2044 1185 2101 Ceteram

185 2109 321 2165 Zoilorum
338 2109 458 2178 historia,
477 2109 558 2164 etiam
576 2116 638 2177 post
649 2109 821 2180 Hardionem,
840 2127 893 2165 non
910 2111 1007 2179 paneis
1019 2111 1185 2168 difficultati·

185 2178 236 2233 bus
260 2177 390 2246 impedita
412 2185 461 2232 est.
496 2176 550 2232 Sed
573 2177 762 2232 celeberrimus
784 2194 877 2233 eorum
899 2177 973 2246 haud
997 2178 1083 2235 dubie
1101 2182 1184 2235 rtem

185 2245 246 2314 fuit,
263 2261 343 2314 quem
360 2252 451 2300 tamen
467 2245 514 2299 ubi
532 2245 627 2300 Strabo
646 2245 765 2314 appellat
783 2245 829 2302 Vl.
848 2263 874 2315 p.
892 2249 951 2302 271.
969 2247 1055 2316 (417.)
1073 2249 1103 2303 in
1120 2264 1186 2304 mar·

186 2316 275 2398 ginem
298 2313 444 2382 releganda
467 2319 533 2381 puto
556 2313 651 2382 verbe,
675 2315 689 2366 ὁ
712 2314 759 2367 τὸν
777 2312 893 2385 Ὅμηρον
917 2316 1010 2384 ψέγων
1037 2315 1078 2377 ὡς
1100 2318 1186 2383 μυθο-

184 2397 302 2451 ypnpou.
517 2399 532 2413 '

259 2467 295 2533 63)
318 2466 512 2535 111Ν1ο11111,
541 2467 627 2535 ignoti
657 2468 795 2536 scriptoris
817 2468 879 2520 ὅλον
906 2467 967 2534 βίον
992 2469 1095 2535 (minna
1118 2469 1186 2525 bene

185 2532 280 2587 Valck.
304 2535 368 2604 ὅλην
385 2533 497 2603 βίβλον)
519 2536 679 2604 γράψαντος
707 2536 771 2605 περὶ
789 2540 838 2605 τῆς
855 2537 924 2589 κατὰ
941 2536 1006 2597 τοὺς
1022 2537 1124 2608 ἥρωας
1140 2555 1186 2593 ra·

186 2601 269 2663 ξεὶας,
288 2603 393 2669 compil.
412 2601 447 2656 ad
464 2605 492 2655 1.
511 2607 568 2658 323.
586 2608 645 2659 325.
664 2608 693 2657 et
709 2604 840 2658 Dorothei
851 2604 1034 2674 Ascaloniae,
1052 2606 1123 2676 napi
1142 2608 1189 2662 τοῦ

185 2669 286 2722 κλοοίοο
310 2669 348 2736 (in
370 2669 428 2724 loeo
452 2670 546 2740 Odyss.
571 2692 601 2726 ο.
618 2673 690 2738 207.)
714 2671 749 2726 ad
774 2691 789 2725 ι.
808 2676 849 2727 90.
886 2671 938 2740 Qui
955 2673 1095 2741 posterior
1113 2679 1187 2731 serta

185 2753 240 2791 non
257 2743 319 2792 ante
337 2738 519 2793 Aristonicum
543 2745 570 2793 11
588 2740 610 2792 Τ
643 2740 759 2808 phonem
802 2741 849 2795 sed
867 2739 913 2794 diu
930 2746 994 2795 ante
1011 2741 1188 2799 Athenaeum

185 2803 269 2884 uixit,
296 2806 340 2860 eui
362 2806 487 2861 laudatur
508 2813 565 2862 tum
588 2807 624 2860 ali
643 2809 652 2859 i
678 2813 735 2887 turn
761 2779 822 2861 ill.
838 2825 866 2888 p.
885 2812 943 2864 329.
960 2807 994 2862 Ε.
1011 2823 1049 2862 ex
1066 2808 1189 2879 grandin·

186 2875 1110 3012 111101111111111111111111111111
1139 2878 1189 3015 ll:

185 3014 272 3064 totam
287 3010 369 3063 vitam
383 3012 502 3079 cogitare
521 3012 553 3066 de
572 3011 662 3079 aliqua
672 3026 710 3080 re,
729 3011 810 3081 aliud,
827 3012 1011 3080 nihilpraeter
1022 3013 1097 3069 hane
1107 2987 1189 3070 innam

185 3091 242 3130 rem
259 3083 385 3132 tractare.

254 3163 290 3226 ⁶4)
308 3161 441 3230 Exemplo
465 3164 518 3217 sint
541 3164 582 3232 hi,
609 3180 691 3232 quos,
719 3166 840 3233 quamvis
864 3166 1001 3235 aliquanto
1020 3168 1189 3235 posteriores

185 3228 323 3285 Zenodoto
341 3230 493 3300 plerosque,
511 3237 587 3287 tanto
605 3233 740 3287 lubentius
757 3233 802 3287 hie
819 3234 945 3304 anticipo,
969 3233 1034 3303 quia
1051 3235 1094 3290 ita
1111 3234 1189 3291 nobis

187 3299 1190 3434 111111111111111111111133113111111

188 3433 285 3499 quiin
306 3436 409 3489 Aratea
432 3383 627 3490 abnuentibus
650 3442 704 3505 est,
731 3437 775 3492 eui
798 3390 897 3493 apddi.
921 3411 1028 3492 tonsuri
1059 3439 1191 3496 debemus

187 3499 386 3571 παροξυτόνως,
404 3502 463 3557 aliis
481 3503 728 3574 προπαροξυτόνως
745 3505 934 3562 scribentibus:
957 3507 997 3562 ita
1012 3505 1192 3578 Euphranori
