2482 3960
596 299 780 353 -116-

186 447 310 521 publicis
334 463 434 506 musea
464 453 496 506 et
521 445 728 517 bibliothecae,
757 461 811 518 pro
842 445 988 519 ingenio,
1019 446 1192 521 propriarum

186 541 273 597 opum
299 523 402 596 divite,
427 523 546 597 trepida
570 528 601 580 et
622 521 818 581 mediocribus
842 522 926 580 anaia
954 538 994 581 se
1020 524 1191 585 committa

186 600 325 672 imitatio,
356 615 410 674 pro
437 600 536 734 ἔξω
561 604 592 657 et
621 598 803 687 eloquentiae
829 598 1077 661 concitatissimo
1102 600 1191 675 sp'nitu

186 676 299 749 sobria,
323 693 412 749 saepe
467 675 546 748 'pen
565 674 704 745 eruditio,
735 692 766 732 m
784 690 944 747 omnesque
965 683 1079 749 partes
1099 676 1190 738 dochi

186 770 288 813 nurum
307 752 411 812 diffusa
429 753 532 825 lectio,
556 768 610 825 pro
634 752 808 811 inventionis
832 750 972 810 sollertia
999 753 1190 813 sedulitaaet

186 846 257 889 cura
277 836 308 888 et
325 829 403 889 nitor
422 828 540 902 qnidam
560 827 759 901 dispositionis
777 828 945 902 poeticiqne
967 831 1132 903 sermonis,
1148 845 1189 903 pm

186 906 292 965 artium
318 904 443 977 denique
469 905 596 965 omnium
619 902 774 977 magnifico
799 910 830 963 et
848 905 952 963 nativo
974 904 1056 966 flore
1077 906 1189 967 corollae

187 999 223 1041 ex
246 981 374 1054 undique
400 981 546 1054 decerptis
571 978 699 1040 flosculis
719 981 859 1041 collectae
879 980 1188 1054 compicicbantm't

186 1059 220 1117 In
243 1058 289 1117 bis
315 1064 412 1117 antem
437 1057 558 1126 studiis,
589 1072 663 1128 qnae
694 1073 771 1115 nnnc
799 1056 923 1115 maxime
949 1073 1042 1119 amor
1069 1060 1189 1132 nunqu

186 1151 250 1193 rum
274 1134 478 1194 imitandorum
502 1132 663 1206 excitabat,
690 1154 739 1189 ara
766 1132 822 1192 init
846 1136 1056 1205 meandi
1074 1146 1102 1193 α
1120 1154 1189 1192 aaa·

186 1214 285 1282 dead,
309 1211 416 1269 lentius
441 1215 584 1269 commota
612 1217 714 1282 antea,
741 1211 789 1267 cui
813 1209 907 1267 nullus
931 1216 1078 1272 veterum
1102 1216 1189 1288 poete

186 1302 250 1344 rum
269 1287 398 1358 largiora
416 1287 524 1359 pabula
543 1286 704 1361 praebebat
716 1302 803 1358 qnam
815 1286 971 1347 Homerus.
1005 1287 1086 1348 Mox
1099 1288 1190 1349 eaden

186 1379 235 1420 ars
259 1361 394 1421 traducta
418 1369 465 1421 est
488 1362 525 1421 ad
552 1363 627 1423 alios
652 1367 770 1436 poetas,
799 1362 959 1437 praecipue
984 1364 1117 1441 lyricos,
1142 1372 1190 1425 ha

187 1439 280 1512 gicos,
306 1439 447 1511 comicos,
475 1439 545 1497 item
565 1439 604 1499 ad
622 1440 793 1512 historicos,
817 1445 964 1511 oratores,
992 1442 1189 1515 medicos,et

187 1521 220 1573 ut
239 1514 374 1588 quodque
394 1531 485 1589 genus
505 1516 616 1589 insigne
635 1521 700 1574 erat
718 1517 900 1589 praestantia
918 1530 1022 1575 rerum
1044 1525 1080 1577 et
1100 1519 1189 1579 obsce

186 1592 275 1650 ritate
295 1591 457 1685 verborum.
495 1591 543 1650 Ad
562 1594 642 1651 illum
662 1593 914 1681 usnrnnlatissimos
928 1607 1055 1667 campos
1070 1594 1189 1673 namorp

186 1667 1015 1818 titterittetlthittttt,iethet
1035 1678 1188 1819 teta

187 1821 391 1892 chronologiae
411 1822 644 1894 reliquarumque
663 1822 791 1894 partium
811 1821 1009 1895 antiquitatis,
1041 1825 1135 1884 simul
1151 1826 1187 1899 ip

188 1913 250 1955 sam
269 1897 385 1969 linguae
400 1896 531 1956 Graecae
550 1904 684 1957 naturam
705 1904 734 1957 et
754 1898 895 1957 rationem
908 1899 1048 1973 scrumri,
1073 1916 1187 1975 eamque

188 1972 226 2031 ad
250 1973 332 2047 leges
357 1974 508 2048 analogiae
539 1980 570 2033 et
599 1975 836 2034 consuetudinem
864 1974 1007 2034 bonorum
1038 1986 1188 2039 auctorum

188 2051 321 2124 exigere,
340 2051 543 2110 uocabulorum
567 2052 662 2110 uarias
683 2053 791 2110 classes
811 2049 992 2123 describere,
1020 2054 1086 2112 τῶν
1106 2051 1189 2112 anelli

139 2147 175 2197 ¹⁹⁹
188 2123 1188 2277 attitlttitttitititttitttttltttttffltt

188 2287 249 2338 tum
267 2249 386 2338 mutatis
406 2280 537 2353 subinde,
556 2281 661 2339 misere
681 2282 830 2352 truncatis,
857 2280 886 2338 in
907 2280 980 2337 alias
1002 2286 1099 2354 atque
1120 2285 1187 2343 alias

187 2354 294 2414 formas
313 2354 435 2428 relictis,
459 2358 545 2415 hodie
572 2373 685 2430 quoqne
711 2359 741 2416 in
760 2357 883 2418 doctiori
903 2354 1001 2415 studio
1021 2358 1189 2432 linguarum

188 2447 276 2505 saepe
295 2432 379 2489 inscii
397 2430 519 2491 fruimur
528 2432 575 2504 ⁶⁰).

256 2666 291 2745 ⁵⁹)
313 2663 429 2718 Erudite
450 2663 517 2717 hace
539 2669 697 2730 persecutus
722 2668 763 2716 est
779 2662 901 2783 Hepniua
918 2661 947 2714 in
964 2661 1040 2716 Dias.
1056 2663 1095 2718 de
1115 2665 1191 2733 genio

187 2732 289 2787 saeculi
305 2732 527 2800 Ptolemaeorum,
546 2731 644 2800 Opnsc.
662 2730 735 2785 acad.
755 2729 814 2784 Vol.
841 2769 847 2782 .

254 2818 290 2883 ⁶⁰)
309 2816 395 2883 Quam
412 2814 503 2869 multis
521 2815 548 2868 in
566 2815 647 2869 rebus
665 2816 745 2868 etiam
763 2829 834 2868 nunc
843 2815 1010 2934 pendeamus
1022 2814 1057 2868 ab
1069 2816 1188 2871 Alexan-

187 2884 323 2938 drinorum
340 2883 446 2938 iudiciis
464 2890 492 2937 et
509 2882 746 2950 lucubrationibus,
765 2883 842 2950 singu
853 2882 918 2935 atim
931 2882 1066 2951 exemplis
1080 2884 1189 2938 demon

187 2960 272 3007 strare
291 2967 390 3021 operae
408 2952 524 3020 pretium
536 2951 625 3005 fuerat
669 2951 711 3006 Sic
723 2950 808 3006 omnis
820 2951 876 3004 iere
889 2949 1000 3018 vulgata
1011 2951 1190 3021 chronologia

185 3021 280 3074 horum
298 3028 340 3074 est
357 3020 598 3074 Alexandrinorum
626 3019 664 3073 sic
681 3017 884 3072 innumerabilia
901 3018 929 3071 in
947 3017 1102 3073 subtilitate
1119 3027 1188 3074 uete-

186 3104 245 3142 rum
263 3087 423 3157 linguarum,
441 3088 479 3143 sic
498 3088 558 3143 alie.
585 3059 660 3141 [inus
672 3087 717 3140 ille
730 3089 841 3139 delemus
854 3088 1017 3138 chimaeram
1030 3087 1188 3152 scriptoram

186 3164 214 3210 et
237 3158 265 3210 in
289 3172 395 3277 quoque
418 3172 517 3224 genere
535 3155 699 3234 principum,
716 3169 806 3232 ‘quem
824 3151 876 3232 lib..
888 3154 922 3207 X.
941 3152 1145 3219 Quinctilianus
1161 3162 1188 3208 et

205 3224 345 3279 uodammo
365 3241 380 3279 o
403 3231 462 3278 tota
485 3223 630 3290 antiquitas
648 3227 783 3301 seqnitur,
805 3236 923 3276 ommum
941 3221 1116 3276 saeculorum
1134 3228 1187 3277 stu·

186 3242 230 3347 dia
254 3299 281 3347 et
304 3291 472 3346 librariorum
495 3306 589 3343 manus
607 3288 706 3342 diremt
723 3289 759 3343 ad
775 3288 817 3356 td,
840 3289 913 3356 quod
930 3288 1062 3357 optimum
1082 3298 1144 3345 erat
1160 3290 1188 3343 in

185 3360 289 3414 infinita
306 3360 391 3428 copia.
426 3358 536 3426 Absque
554 3357 599 3410 illo
617 3356 723 3410 delectu
742 3364 821 3422 esset,
838 3356 960 3424 profecto
979 3372 1028 3410 nos
1045 3372 1103 3411 non
1121 3359 1188 3412 haec

185 3436 357 3549 monlpnssenta
375 3426 533 3495 antiquioris
543 3425 682 3494 Graeciae,
700 3431 728 3478 et
738 3422 814 3478 haud
831 3424 885 3478 scio
904 3424 1188 3492 anminuspraestan·

187 3496 225 3549 tia
260 3510 408 3550 aercmus.
