2482 3960
553 279 732 333 ..98-

142 426 196 486 diti
216 425 373 500 specimina
404 425 545 485 dederant
558 425 771 499 interpretandi
783 426 917 499 Homeri;
937 443 1008 487 mox
1022 428 1147 495 studium

142 501 426 575 multiplicandorum
447 502 667 576 exemplarium,
693 503 896 562 necessitatem
920 502 1052 565 afferens
1073 522 1090 567 c
1110 506 1147 565 di·

141 580 234 638 versis
260 579 426 652 scripturis,
460 595 532 651 quas
558 579 697 653 rhapsodi
721 579 992 654 suppeditaverant,
1026 582 1147 656 optimas

142 672 272 728 quasque
297 655 459 729 deligendi,
485 656 560 714 riam
590 657 712 714 munivit
737 657 775 714 ad
804 658 1019 718 accuratiorem
1045 659 1145 736 κρίσιν.

141 733 249 792 Verum
270 731 307 790 de
326 733 370 791 bis
390 733 488 806 paullo
508 731 672 790 distinctius
692 731 864 792 uadendum
884 739 937 793 est.

219 808 263 867 Ac
288 809 381 882 primo
402 808 519 881 quidem
540 814 670 882 tempore
690 814 721 868 et
740 825 834 884 paene
854 808 892 868 ad
910 810 1040 871 Periclis
1059 829 1147 886 usquc

143 890 269 945 aetatem
296 886 419 944 Graecia
443 886 600 944 Homerum
626 890 656 943 et
680 890 792 945 ceteros
818 882 934 950 ἀοιδοὺς
958 904 1036 949 suos
1057 889 1148 949 adhuc

144 962 292 1021 auditione
305 963 397 1036 magis
409 978 494 1034 quam
508 963 633 1021 lectione
648 963 850 1035 cognoscebat.
882 962 1050 1024 Paucorum
1063 966 1148 1025 etiam

143 1045 204 1098 tum
225 1044 289 1098 erat
309 1055 378 1097 cura
398 1038 552 1111 scribendi,
579 1039 667 1097 lectio
688 1056 811 1112 operosa
833 1044 862 1098 et
882 1037 1025 1114 difficilis3
1052 1042 1147 1115 itaque

142 1114 295 1188 rhapsodis
315 1115 438 1174 maxime
458 1131 577 1188 operam
598 1114 714 1188 dabant,
745 1116 881 1189 captique
899 1117 975 1176 mira
994 1117 1148 1178 dulcedine

144 1198 245 1251 cantus
266 1192 303 1251 ab
322 1193 437 1252 illorum
458 1208 509 1250 ore
529 1191 705 1264 pendebant.
738 1193 772 1250 In
792 1192 958 1251 clarissimis
977 1193 1068 1254 huius
1089 1211 1148 1255 sas·

145 1269 203 1326 culi
228 1266 385 1340 rhapsodis
408 1274 586 1326 memoratur
609 1269 688 1327 circa
714 1269 825 1342 Olymp.
845 1267 951 1327 LXIX.
973 1269 1148 1344 Cynaethos,
1191 1308 1193 1313 ·

146 1343 272 1403 Pindaro
293 1344 438 1416 aequalis,
467 1345 516 1415 qui
537 1343 608 1404 chio
629 1346 830 1418 commigravit
849 1344 1024 1420 Syracusas,
1044 1349 1093 1407 val
1111 1347 1148 1407 ibi

95 1443 133 1482 1e1
150 1420 274 1479 maxime
294 1425 387 1478 artem
407 1418 604 1493 factitavitffl).
644 1421 742 1493 Atque
761 1422 846 1481 huius
860 1420 1050 1496 professionis
1062 1424 1149 1485 homi·

145 1514 197 1555 nes
222 1513 309 1568 quum
334 1513 418 1557 omne
443 1502 557 1570 tempus
584 1504 785 1557 consumerent
816 1500 847 1556 in
873 1498 1031 1560 ediscendo
1054 1506 1150 1635 poet]

148 1573 264 1634 eosdem
292 1574 353 1632 eius
373 1574 481 1647 primos
501 1575 678 1647 interpretes
699 1574 789 1634 fuisse
807 1580 901 1649 putes.
941 1575 1002 1635 Sed
1022 1578 1103 1638 nullo
1120 1577 1132 1634 i

146 1649 330 1709 confirmatur
350 1655 430 1710 certo
451 1652 617 1710 testimonio
638 1651 798 1724 scriptoris.
840 1651 924 1723 Quod
944 1653 1023 1711 enim
1044 1669 1064 1712 a
1082 1670 1149 1714 uon-

146 1727 232 1785 nullis
253 1727 373 1785 affertur
392 1726 537 1798 Platonis,
564 1726 637 1785 illud
663 1728 692 1785 in
716 1728 774 1788 isto
800 1733 937 1787 contextu
962 1727 1001 1787 ad
1021 1730 1149 1802 quemvis

147 1810 275 1863 actorem
295 1819 400 1861 scenae
414 1801 568 1861 transferri
582 1810 719 1876 potuerat
726 1803 773 1876 Μ).
814 1805 956 1876 Quocirca
967 1820 1028 1864 non
1040 1805 1149 1877 dubito,

147 1880 216 1951 quin
230 1879 422 1950 antiquissimi
435 1879 600 1952 philosophi
614 1885 746 1940 auctores
760 1881 1010 1953 interpretationis
1023 1882 1151 1942 habendi

147 1956 213 2028 sint,
240 1961 269 2013 et
293 1955 376 2014 initio
398 1955 514 2028 quidem
533 1958 741 2035 πραγματικῆς.
781 1958 856 2016 Nam
876 1957 1030 2017 verborum
1050 1959 1150 2019 obscu-

147 2034 218 2091 ritas
239 2033 297 2090 illis
317 2033 441 2090 saeculis
462 2032 616 2091 admodum
629 2034 710 2091 nulla
721 2039 793 2106 erat,
814 2032 928 2106 quando
942 2032 1152 2096 eademforma

147 2110 285 2168 orationis
305 2110 441 2182 usurpari
462 2108 575 2169 solebat
594 2109 630 2168 ab
652 2112 760 2183 optimo
774 2126 887 2183 quoque
900 2115 1063 2183 pastuum.
1097 2112 1151 2172 Vc-

147 2203 211 2244 rum
231 2187 395 2260 philosophi
416 2203 503 2259 quum
523 2185 664 2259 viderent,
686 2204 770 2245 sacra
788 2187 891 2245 haberi
912 2185 1057 2261 Carmina,
1079 2189 1152 2248 cclc-

148 2262 287 2334 brarique
313 2263 391 2322 omni
417 2263 539 2336 populo,
565 2280 602 2321 ex
624 2263 718 2335 iisque
743 2265 820 2323 vitae
843 2268 924 2321 recte
953 2263 1153 2325 instituendas

148 2343 307 2412 praecepta
333 2339 421 2411 sumi,
447 2354 541 2411 neque
568 2345 664 2398 tamen
694 2341 724 2397 in
750 2340 787 2398 iis
811 2357 868 2398 non
888 2339 1154 2402 animadverterent

112 2426 115 2433 ·
148 2416 239 2472 multa
258 2412 341 2486 falso,
363 2414 486 2473 ridicule
507 2420 537 2472 et
556 2415 693 2476 indecore
713 2415 782 2489 fingi
802 2416 838 2474 de
857 2422 962 2474 natura
981 2415 1106 2478 deorum
1126 2423 1155 2478 et

149 2506 254 2563 rerum,
276 2491 518 2562 interpretatione
539 2507 592 2550 sua
612 2493 759 2566 corrigere
779 2491 902 2562 fabulas,
922 2497 1010 2564 atque
1031 2493 1070 2552 ad
1084 2495 1155 2568 phy·

99 2567 239 2625 1sasicam
262 2571 291 2624 et
310 2567 450 2625 moralem
471 2566 632 2626 doctrinam
651 2585 722 2627 suae
736 2570 841 2629 aetatis
855 2568 1086 2641 accommodare,
1107 2571 1155 2630 de·

150 2645 237 2715 nique
256 2643 394 2703 historias
416 2649 445 2702 et
464 2644 578 2716 reliqua
597 2644 659 2704 fere
682 2647 777 2704 omnia
803 2645 842 2705 ad
860 2645 1009 2706 involucra
1030 2648 1156 2720 exquisi-

217 2844 254 2919 91)
273 2854 360 2909 Schol.
379 2855 454 2909 Pind.
474 2854 508 2909 ad
525 2855 602 2910 Nem.
620 2856 656 2909 II.
673 2871 714 2924 pr.

208 2940 254 3025 rw)
272 2941 337 3026 lone
355 2957 381 3008 p.
401 2945 460 2995 530.
480 2941 509 3028 C:
553 2941 591 3025 (ζύ
613 2942 668 3012 γὰρ
692 2941 798 3026 {sacerd
825 2957 892 3025 crore
915 2941 1055 3060 ραψὲὂδός,
1075 2943 1104 2996 εἰ
1119 2945 1156 3015 μὴ

151 3005 1019 3146 trematea?stratorem,ratetof
1031 3010 1157 3146 gsort

151 3142 206 3196 sius
225 3149 273 3209 est,
293 3143 364 3210 quod
382 3144 528 3211 respondet
546 3145 585 3212 Io,
604 3161 683 3212 posse
703 3160 731 3199 se
749 3143 882 3197 κάλλιστα
895 3143 1051 3213 ἀνθρώπων
1064 3147 1156 3216 λέγειν

151 3211 216 3281 περὶ
231 3209 354 3281 Ὁμήρου,
373 3227 459 3279 eaque
477 3213 505 3264 in
523 3226 553 3264 re
570 3218 675 3266 certare
693 3229 754 3266 cum
771 3211 964 3279 interpretibus
975 3213 1096 3279 optimis.
1126 3216 1157 3271 In

152 3278 249 3332 ceteris
267 3278 375 3347 quidem
392 3280 436 3333 hic
451 3277 606 3359 pulchellus
624 3280 759 3348 interpres
776 3279 844 3334 nibil
860 3278 966 3347 profert
982 3284 1061 3338 tanto
1079 3281 1157 3341 hiatu

152 3344 274 3424 dignum:
293 3348 340 3401 sed
352 3353 472 3415 potuerit
482 3345 511 3399 id
522 3347 621 3415 facere,
638 3354 669 3401 ut
680 3348 875 3417 Sydenhamius
886 3351 985 3414 censet,
1002 3364 1059 3404 nou
1071 3365 1157 3419 quae·

151 3427 235 3468 rrmus
253 3412 286 3468 dc
303 3414 446 3484 rhapsodis
464 3415 561 3468 aetatis
579 3414 744 3481 Platonicae,
763 3417 811 3471 scd
829 3414 863 3470 de
881 3415 999 3484 antiquis
1018 3432 1157 3475 successo·

152 3478 226 3535 ribus
243 3481 351 3539 ἀοιδῶν,
386 3481 425 3536 cf.
443 3497 470 3551 p.
488 3485 547 3537 535.
564 3484 597 3537 A.
