2482 3960
595 279 776 333 ...94-

135 441 173 480 us
189 425 266 498 quod
285 427 310 483 is
330 426 512 499 potissimum
531 428 688 485 Homerum
707 443 781 486 novo
807 425 908 484 ordine
928 443 947 485 a
965 427 1125 501 rhapsodis
1144 428 1189 488 de-

188 502 298 561 cantari
325 502 536 562 Panathenaeis
567 502 825 574 quinquennalibus
855 503 1038 576 iusseratlss),
1081 506 1113 563 id
1136 522 1188 566 non

187 579 283 650 potuit
305 579 333 636 ei
351 578 426 636 hanc
444 578 550 638 lamam
570 577 724 652 conficere,
750 584 783 636 ut
807 578 915 651 primus
937 579 1090 639 diceretur
1113 583 1188 640 illum

189 656 320 713 intulisse
339 655 369 711 in
384 656 520 715 Atticam.
554 657 616 714 Iam
635 657 665 712 in
684 656 835 727 utriusque
857 661 983 714 aetatem
1005 657 1113 716 incidit
1132 660 1189 731 pul-

189 732 345 789 cherrimus
360 729 413 791 flos
427 734 524 805 poesis
537 733 644 805 lyricae
659 737 689 790 et
703 732 817 790 ethicae
831 748 895 789 cum
908 733 990 792 noris
1004 734 1188 792 incrementis

188 807 356 880 tragoediae
379 814 409 866 et
428 809 608 868 comoediae:
630 809 659 865 in
678 813 724 866 tot
743 809 837 880 po'etis
857 806 979 867 forsitan
1000 808 1114 869 fuerint
1133 812 1189 884 plu

187 900 244 956 res,
266 885 315 955 qui
340 884 494 943 Pisistrato
520 892 550 943 et
576 885 743 958 Hipparcho
769 886 798 942 in
823 884 902 942 illam
926 901 989 942 rem
1014 887 1188 946 adiutorium

136 973 174 1027 aaa
188 958 326 1033 facerent,
346 963 519 1033 praesertim
538 978 626 1034 quum
639 968 769 1032 uterque,
789 961 834 1019 uti
847 962 961 1033 artium,
983 963 1027 1020 ita
1041 962 1188 1022 doctorum

187 1038 333 1097 hominum
347 1039 559 1097 amantissimus
575 1042 660 1096 esset.
693 1038 869 1095 Nominatim
891 1038 965 1095 enim
978 1037 1117 1098 feruntur
1129 1055 1188 1098 cum

188 1115 224 1173 iis
238 1115 471 1173 coniunctissime
491 1116 597 1172 vixisse
618 1114 750 1186 Orpheus
774 1113 964 1186 Crotoniates,
992 1116 1122 1188 scriptor
1140 1116 1189 1174 Ar·

190 1191 416 1263 gonauticorum,
437 1192 638 1249 Onomacritus
660 1190 854 1262 Atheniensis,
877 1190 913 1248 ab
933 1190 1108 1263 Hipparcho
1127 1193 1188 1251 ciri-

186 1273 248 1325 tate
268 1267 377 1324 eiectus
397 1271 512 1339 postea,
537 1267 698 1325 Simonides
720 1265 795 1325 Ceus
822 1273 853 1324 et
871 1267 960 1324 Teius
979 1267 1138 1328 Anacreon
1146 1268 1188 1340 17).

188 1344 298 1402 Horum
317 1343 408 1414 igitur
426 1345 593 1416 quempiam
613 1342 800 1401 coniiciebam
819 1343 876 1400 illis
890 1344 928 1401 ad
942 1343 1109 1404 ordinanda
1123 1345 1188 1405 (lar-

187 1419 265 1476 mina
284 1435 403 1492 operam
416 1419 584 1492 praebuisse
598 1436 687 1478 suam.
707 1421 775 1492 Ipse
788 1426 869 1477 certe
881 1419 1055 1478 Pisistratus
1073 1436 1189 1480 suarum

187 1512 285 1553 rerum
304 1495 467 1568 satagebat,
494 1496 538 1553 his
558 1512 627 1554 vero
647 1497 737 1554 otium
758 1504 821 1554 erat
841 1501 871 1554 et
890 1497 1051 1569 priscorum
1072 1513 1189 1571 operum

188 1588 295 1643 magna
314 1570 509 1643 familiaritas3
530 1578 563 1630 ut
577 1571 772 1644 Onomacrito,
793 1573 875 1630 cuius
889 1573 1018 1631 celebres
1032 1574 1189 1648 interpola·

187 1650 281 1708 tiones
303 1648 411 1722 Orphei
431 1657 461 1707 et
480 1649 595 1707 Musaei
615 1648 654 1706 ad
668 1651 733 1722 ipsa
746 1649 904 1722 primordia
917 1650 1087 1722 scriptionis
1100 1655 1190 1710 retra-

189 1725 302 1783 hendae
323 1731 397 1782 sunt.

265 1801 463 1859 Temerarium
483 1806 563 1874 puto,
586 1817 621 1859 ex
641 1818 754 1873 quoque
776 1801 951 1862 deverticulo
965 1800 1134 1861 fabularum
1147 1817 1190 1861 ve

189 1877 277 1949 stigia
296 1878 434 1936 historiae
455 1879 638 1950 exsculpere:
659 1879 787 1949 alioquin
805 1878 850 1935 his
871 1878 1044 1937 coniecturis
1066 1880 1190 1938 colorem

190 1960 220 2012 et
239 1952 324 2011 fidem
345 1970 515 2025 quaererem
535 1971 570 2012 ex
592 1970 643 2026 eo,
671 1955 747 2025 quod
766 1955 796 2011 in
815 1955 879 2011 istis
900 1955 1069 2013 commentis
1092 1955 1191 2015 Gram-

188 2032 358 2090 maticorum
379 2037 409 2089 et
428 2031 506 2104 apud
527 2029 645 2090 Suidam
662 2029 818 2088 Pisistrato
833 2032 993 2103 complures
1007 2032 1082 2089 socii
1095 2033 1191 2105 operis

189 2107 400 2165 adscribuntur,
433 2107 474 2165 At
493 2112 654 2165 memoratu
667 2106 851 2178 dignissimus
873 2113 918 2164 est
931 2108 1010 2166 locus
1024 2107 1191 2166 Pausaniae

190 2190 256 2242 ante
277 2185 392 2256 allatus,
413 2184 462 2242 ubi
483 2201 570 2255 quum
591 2183 627 2240 dc
647 2184 790 2241 varietate
811 2184 932 2241 nominis
946 2185 978 2240 Il.
992 2180 1022 2255 β.
1039 2185 1106 2242 sta.
1123 2185 1191 2257 agit,

189 2429 269 2483 situm
288 2434 337 2483 est.
374 2429 500 2483 Ceterum
516 2430 588 2482 hunc
607 2427 744 2497 dialogum
762 2446 815 2484 non
835 2429 980 2497 genuinum
992 2444 1051 2483 esse
1064 2431 1194 2500 Platonis,

189 2497 236 2551 sed
254 2496 288 2550 ab
298 2496 390 2550 Attico
409 2498 538 2563 scriptum
555 2497 632 2550 istius
649 2497 774 2565 familiae,
794 2513 863 2565 quae
881 2498 962 2551 etiam
975 2496 1137 2553 Oratoribus
1155 2506 1195 2555 tot

188 2565 365 2634 palestinam
383 2564 504 2632 subiecit,
522 2563 653 2618 dubitatio
666 2566 764 2618 veteris
776 2565 868 2618 Gritici
880 2565 952 2632 apud
961 2565 1106 2620 Aelianum
1122 2568 1194 2636 VIII,

189 2637 214 2686 2.
233 2632 313 2700 (conf.
333 2648 414 2699 supra
433 2647 492 2700 cap.
510 2632 597 2700 XlII.)
616 2640 644 2686 et
661 2632 836 2687 Valckenarii
859 2649 982 2687 assensus
1005 2633 1034 2686 in
1052 2633 1195 2690 Herodoto

190 2699 302 2753 Wessel.
320 2716 347 2768 p.
365 2705 423 2754 398.
448 2700 514 2752 mihi
536 2701 616 2768 plane
639 2701 783 2768 persuasit.
820 2701 895 2766 Quae
913 2701 1071 2754 coniectura
1088 2702 1111 2755 si
1131 2703 1196 2757 viris

190 2767 353 2822 doctioribus
371 2767 544 2835 probabitur,
569 2768 726 2836 (eademque
750 2768 894 2836 aliquando
922 2776 949 2822 et
976 2769 1043 2822 alios
1062 2771 1196 2836 quosdam

189 2837 305 2890 minores
323 2837 444 2903 dialogos
461 2836 568 2890 Platoni
586 2837 690 2904 eripiet,
709 2843 737 2890 et
756 2837 790 2890 ad
808 2836 990 2890 Demodocum
1008 2841 1036 2890 et
1047 2835 1195 2906 Sisyphum

190 2905 318 2972 reiiciet,)
342 2921 420 2958 nemo
443 2904 600 2971 mirabitur,
629 2921 677 2958 cur
700 2904 885 2974 Hipparchum
909 2921 963 2959 non
986 2921 1047 2964 oum
1071 2905 1195 2961 Meursio

189 2973 317 3026 maiorem
347 2980 413 3026 natu
440 2989 520 3041 quam
537 2973 665 3041 Hippiam
692 2973 901 3046 appellaverim,
924 2973 1012 3025 victus
1034 2973 1196 3051 gravissima

190 3036 352 3094 auctoritate
371 3041 535 3110 Thucydidis
553 3049 582 3093 et
599 3040 795 3109 quodammodo
814 3041 896 3093 etiam
914 3040 1054 3094 Herodoti.

258 3127 294 3193 1⁶)
312 3126 429 3194 Lycurg.
447 3126 475 3178 in
492 3126 587 3180 Leocr.
605 3142 632 3193 p.
651 3129 709 3179 209.
734 3125 826 3179 Reislr.
863 3124 940 3178 θῦτω
959 3125 1096 3190 ὑπέλαβον
1118 3127 1194 3191 ὑμῶν

191 3195 216 3246 οἱ
237 3194 358 3263 πατέρες
376 3195 527 3247 ’σπουδαῖον
552 3193 621 3246 εἶναι
645 3195 771 3263 ποιητήν,
797 3194 866 3253 ὥςτε
891 3194 973 3257 νόμον
994 3193 1107 3258 ἔθεντο,
1133 3195 1194 3248 καθ’

192 3263 309 3331 ἑκάστην
329 3262 531 3332 πενταετηρίδα
548 3266 602 3314 τῶν
623 3259 820 3331 Παναθηναίων
838 3262 924 3326 μόνον
943 3266 999 3313 τῶν
1013 3260 1102 3314 ἄλλων
1116 3282 1194 3333 ποιη-

191 3335 248 3381 τῶν
266 3331 459 3400 ῥαψῳδεῖσθαι
477 3330 511 3381 τὰ
529 3329 588 3399 ἔπη,
613 3329 740 3388 ἐπίδειξιν
759 3330 911 3393 ποιούμενοι
928 3332 1000 3398 πρὸς
1016 3330 1084 3389 τοὺς
1095 3327 1193 3400 Ἐλλη-

191 3416 246 3459 νας,
265 3400 308 3450 ὅτι
326 3400 360 3449 τὰ
377 3399 508 3450 κάλλιστα
525 3403 581 3449 τῶν
601 3395 688 3467 ἔργων
707 3402 892 3468 προῃροῦντο.

259 3484 295 3549 1⁷)
313 3483 442 3538 Herodot.
461 3482 522 3550 VII,
540 3486 565 3536 6.
583 3483 660 3538 Plato
678 3484 695 3539 l.
714 3500 736 3538 c.
756 3483 828 3537 Suid.
846 3483 921 3536 Tom.
940 3483 976 3538 Η.
994 3498 1057 3550 pag.
1076 3486 1138 3538 719.
