2482 3960
515 290 627 344 -143
655 317 691 327 -

105 438 238 506 Horatii,
263 457 356 494 aarum
376 457 442 508 quoa
461 439 588 493 iudicarit
609 439 794 493 Homadena
814 457 885 508 ease,·
910 452 1003 510 neque
1024 439 1103 511 equi-

102 516 170 574 dem
190 514 306 586 dubito,
332 515 400 586 quin
425 515 447 570 ii
472 514 596 571 maxima
623 530 657 571 ex
683 519 768 586 parte
793 515 868 572 tales
888 514 942 572 visi
962 515 1102 572 11111111-

102 592 236 651 starcho:
259 594 338 660 (nam
358 591 431 649 varii
451 590 529 648 modi
549 591 780 662 corruptelarum
795 596 825 648 et
837 591 1102 663 immolationum,

100 685 173 741 quas
194 668 351 726 Homerum
373 673 523 740 expertum
543 683 631 738 supra
652 667 781 740 exposui,
802 668 892 726 multo
913 669 1018 725 clarius
1040 674 1101 726 tum

100 745 236 817 cognosci
256 750 422 816 potuerunt,
442 759 528 814 quam
543 759 578 800 cx
591 749 672 801 tanto
686 744 839 802 intervallo
852 748 1014 816 temporum
1022 748 1042 815 z)
1057 751 1099 803 at·
1114 759 1151 799 naa

99 827 199 879 tamen
212 837 269 878 non
282 820 379 892 credo,
392 821 478 878 istam
492 836 553 877 rem
565 820 601 877 ab
616 821 666 878 illo
680 821 711 877 in
725 836 827 892 magno
842 819 1008 879 discrimine
1023 822 1100 893 posi-

100 903 162 957 tam
182 913 255 955 esse.
280 897 369 954 Immo
384 913 471 967 quum
484 896 586 955 horum
599 903 761 968 temporum
776 901 806 953 et
818 896 963 968 hominum
983 898 1100 968 ingenia

99 975 225 1045 intueor,
241 979 269 1030 et
283 973 362 1030 clara
375 978 504 1030 veterum
517 972 682 1030 testimonia
695 978 830 1030 accurate
841 989 984 1045 comparo,
1008 973 1099 1030 videri

99 1050 172 1109 mihi
181 1051 256 1109 solet
266 1050 451 1107 Aristarchus
462 1065 519 1107 non
530 1049 616 1106 aliter
626 1050 796 1106 tractavisse
807 1049 972 1114 Homerum,
986 1065 1020 1106 ac
1028 1049 1098 1108 (lato

99 1127 152 1185 ille
164 1125 316 1196 Lucilium,
331 1127 411 1184 cuius
425 1128 494 1180 mula
500 1129 595 1195 factos
608 1145 700 1179 ocreas
713 1128 877 1197 emendabat,
893 1131 980 1197 atque
995 1126 1099 1184 Varius

101 1208 133 1261 ot
145 1203 242 1261 Tucca
255 1203 370 1274 Virgilii
388 1199 587 1275 imperiectum
602 1207 705 1272 poema
726 1203 880 1259 tractaturi
892 1200 1023 1271 fuissent,
1042 1202 1100 1260 nisi

99 1279 250 1339 morientis
264 1280 349 1337 amici
363 1284 393 1337 et
405 1279 530 1350 Augusti
543 1278 674 1336 voluntas
689 1279 903 1337 intercessisset
910 1277 956 1350 ¹4).

180 1356 294 1428 Quippe
313 1357 363 1414 illo
378 1356 553 1414 Graecorum
571 1370 652 1426 aevo,
672 1355 801 1426 quamvis
821 1356 851 1412 in
863 1355 991 1413 minutiis
1005 1371 1099 1429 gram-

98 1433 199 1491 matici
220 1433 335 1504 generis
355 1431 585 1504 occupatissimo,
605 1447 662 1489 non
682 1430 777 1503 potuit
796 1447 854 1490 non
866 1432 931 1490 vilis
946 1436 977 1490 et
990 1431 1098 1491 eruditi

98 1508 223 1568 hominis
244 1509 374 1567 acumine
393 1524 496 1581 parum
516 1506 603 1579 digna
622 1506 724 1565 haberi
743 1508 815 1565 haec
835 1523 904 1565 cura
923 1508 1012 1566 libros
1026 1508 1099 1565 divi-

99 1584 190 1645 dendi
203 1585 233 1642 in
245 1590 354 1659 partes,
374 1582 572 1658 praeponendi
585 1585 748 1655 summaria,
763 1583 877 1643 codices
890 1585 1010 1642 intense
1024 1600 1099 1642 com·

99 1661 234 1736 parandi,
244 1661 427 1720 librariorum
436 1659 541 1718 menda
551 1659 679 1733 tollendi,
690 1659 830 1719 vocabula
840 1661 929 1733 signis
939 1661 1102 1718 distinctio-

101 1754 172 1796 num
190 1742 220 1796 at
238 1743 407 1796 accentuum
425 1736 553 1809 notandi,
574 1737 646 1794 etsi
665 1753 722 1808 qua
736 1737 795 1795 alia
808 1743 883 1810 sunt,
904 1753 979 1810 quae
991 1737 1099 1811 partim

102 1815 289 1886 assignantur
315 1815 526 1869 0100100111ιὲ1.
570 1812 616 1870 Ab
646 1813 690 1871 his
722 1813 851 1872 diversos
876 1819 989 1880 constat
1012 1812 1102 1872 fuisse

104 1891 315 1960 Grammaticos,
335 1891 487 1950 verborum
502 1894 532 1948 et
545 1890 752 1948 sententiarum
766 1891 950 1962 interpretes,
964 1906 1000 1949 ac
1012 1891 1102 1948 multo

101 1967 197 2039 magis
218 1981 277 2039 eos,
297 1967 346 2038 qni
365 1983 384 2025 a
402 1967 545 2026 nonnullis
559 1966 723 2026 subtiliores
738 1972 768 2025 et
782 1966 938 2026 nobiliores
953 1966 1102 2025 Gramma-

101 2042 156 2101 tici
169 2042 362 2115 vocanturll),
391 2045 513 2114 01111001,
539 2059 659 2114 quorum
678 2060 780 2101 munus
801 2049 874 2115 erat,
900 2044 1103 2100 auctoritatem
1117 2058 1155 2097 aar

102 2123 137 2177 et
155 2116 325 2196 maedi-pra
343 2126 473 2178 veterum
493 2119 664 2192 scriptorum
687 2119 852 2190 exquirere,
879 2124 908 2176 et
928 2135 981 2176 sua
1000 2119 1104 2189 cuique

101 2194 261 2267 vindicare,
280 2196 404 2254 maxime
423 2212 492 2255 vero
511 2196 633 2253 virtutes
653 2196 766 2253 illorum
787 2201 817 2253 et
835 2194 908 2253 vitia
920 2210 1101 2268 percensere,

101 2277 140 2330 ut
158 2270 303 2332 discerent
317 2271 476 2343 auditores,
490 2271 560 2345 quid
573 2272 603 2328 in
617 2272 653 2329 iis
666 2270 846 2343 imitandum,
860 2271 930 2343 quid
943 2271 1020 2329 veris
1034 2271 1104 2329 scri-

101 2346 193 2407 bendi
211 2348 326 2420 legibus
346 2350 522 2408 contrarium
542 2352 628 2406 esset.
660 2348 715 2405 Illa
735 2353 780 2405 est
793 2344 810 2424 ἢ
823 2347 880 2405 τῶν
896 2345 987 2424 λόγων
1001 2347 1105 2424 κρίσις,

101 2421 211 2502 πολλῆς
235 2423 337 2501 aeduae
356 2423 518 2482 τελευταῖον
538 2420 735 2513 ineptusque,
748 2430 780 2482 ut
800 2424 842 2482 ait
861 2424 1023 2513 Longinum
1048 2441 1105 2483 non

102 2500 180 2559 haec
198 2501 228 2557 in
248 2500 430 2561 restituendo
451 2501 574 2573 genuino
594 2500 695 2560 habitu
715 2500 854 2559 utrorum
875 2507 904 2560 et
923 2518 954 2559 rn
974 2501 1104 2574 aucupiis

102 2709 213 2764 minime
239 2708 332 2764 debuit
355 2708 485 2775 dubitari,
509 2711 575 2780 quin
597 2712 770 2766 Aristarchus
792 2711 966 2767 describatur.
1007 2709 1106 2764 Maiori

103 2778 165 2832 iure
183 2776 301 2833 dubitari
318 2778 463 2845 potuisset,
490 2795 578 2834 annon
602 2779 672 2833 idem
691 2781 772 2834 etiam
790 2781 912 2848 proxime
930 2779 1105 2833 antecedente

103 2860 187 2900 versu
203 2846 318 2902 Ausonii
335 2846 500 2900 laudaretur.

175 2932 211 2997 14)
229 2931 377 2986 Notissima
395 2937 437 2984 cst
453 2931 565 2986 historia
584 2947 618 2986 ex
635 2933 736 2987 Donati
753 2932 818 2986 Vita
833 2930 908 3000 Virg.
928 2931 952 2999 ᾗ.
964 2934 1006 2984 52.
1024 2934 1065 2984 59.
1078 2935 1106 2982 et

103 2996 209 3052 lusibus
226 3005 377 3067 poetarum.
412 2999 457 3052 Ad
480 3015 536 3053 rem
553 3017 607 3055 non
624 3001 694 3055 male
712 3005 862 3067 congruunt
879 3013 972 3053 versus
989 2996 1106 3066 Eugenii

103 3064 196 3120 Praei.
213 3066 248 3121 ad
267 3066 408 3120 Dracontii
425 3066 555 3123 Hexatm.
575 3084 592 3122 a
608 3069 732 3123 Fabricio
751 3069 839 3122 allati:

211 3133 313 3200 Quodsi
331 3133 469 3203 Virgilius,
487 3141 515 3189 et
531 3141 623 3190 vatum
641 3152 766 3205 summus,
786 3136 928 3202 Homerus,

215 3205 356 3255 Oeamram
374 3220 490 3256 meruere
506 3222 598 3256 novom
613 3215 669 3271 posi
686 3207 745 3262 fata
761 3206 855 3271 subire,

211 3269 300 3336 Quam
317 3269 364 3324 dat
383 3270 564 3339 Aristarchus,
582 3273 680 3341 Tucca,
699 3272 858 3340 Variusque,
876 3271 1032 3337 Prohusquc
1051 3296 1082 3308 -

177 3355 213 3423 1⁵)
234 3354 420 3420 Δοκιμώτατοι
448 3353 638 3426 Γραμματικοί
657 3356 730 3425 apud
752 3357 850 3410 Athen.
874 3355 923 3408 III.
951 3370 977 3421 p.
999 3357 1055 3408 116.
1072 3354 1106 3407 D.

105 3416 355 3557 ἒνῇθῐρπαῶν,
378 3424 395 3476 ὅ
415 3424 489 3476 ἐστιν
513 3425 718 3495 ἀκριβεστέρων
737 3423 763 3478 Γ
758 3426 943 3494 purpuraria.
980 3420 1106 3476 Eustath.
