2482 3960
560 307 736 366 -'{0-.

98 467 137 508 ¹¹⁶
149 461 220 523 Feci
234 459 349 530 quidem
363 464 393 516 ct
406 460 468 530 ipse
481 466 633 530 utrumque
646 477 699 532 pro
713 461 789 518 virili
801 467 895 534 parte,
916 462 1019 522 sedulo
1035 480 1152 538 cavens,

150 556 186 598 ne
211 535 281 607 quid
304 535 374 592 mihi
400 535 609 594 dissimularem
632 542 683 593 aut
706 537 810 608 cupide
836 554 967 610 agerem;
993 539 1048 596 sed
1077 541 1152 600 haec

150 613 336 686 complurium
356 616 386 669 et
406 611 520 671 diversa
540 613 587 670 via
606 612 830 684 ingredientium
849 614 952 672 studiis
973 614 1066 687 digna
1081 633 1152 676 cura

151 799 264 853 duorum
282 811 444 850 summorum
461 794 597 849 hominnm
609 796 796 849 auctoritatem
808 795 904 850 afferre
915 812 1035 868 possum,
1053 800 1092 854 is.
1106 800 1153 855 Ga·

142 865 262 921 ,sauboni
279 870 306 917 et
324 863 357 918 R.
375 862 500 931 Bentleii,
518 863 546 915 in
564 879 677 932 quorum
694 863 800 931 scriptis
817 881 871 917 non
889 865 1016 934 ambigua
1034 868 1152 936 vestigia

151 941 257 988 exstant
275 932 394 986 eiusdem
412 947 427 985 o
447 930 551 985 inionis.
586 931 618 983 In
637 931 788 985 Gasanboni
806 932 912 1000 scriptis
928 933 1009 1001 plura
1027 942 1094 988 sunt
1108 935 1152 1002 [ci.

152 1002 172 1057 (l
193 1042 199 1055 .
217 1001 333 1055 XXXIX
350 1017 376 1053 n.
388 947 458 1067 4253
474 998 590 1052 Bentleii
606 1015 689 1052 unum
707 1006 748 1053 est
766 999 794 1053 in
810 1000 904 1069 primis
917 1001 1024 1069 insigne
1041 1003 1072 1056 in
1084 1003 1151 1057 libro

152 1018 281 1124 adversus
299 1067 430 1122 Collinum
454 1067 558 1135 anglice
587 1067 700 1135 scripto:
731 1068 856 1120 Romarm
878 1087 948 1135 upon
973 1089 991 1121 a
1015 1073 1068 1124 tore
1088 1073 1150 1122 Dic-

152 1156 241 1190 coursc
259 1140 287 1200 os
306 1136 502 1202 Freetltirrlring,
528 1136 557 1186 iri
583 1153 599 1185 a
617 1136 702 1186 Letter
726 1146 751 1187 to
775 1136 809 1189 N.
828 1137 863 1190 N.
889 1140 920 1204 by
945 1138 1152 1192 Placentiam

153 1206 304 1272 Lipsiensis,
326 1203 402 1256 cuius
419 1203 532 1269 primam
542 1201 605 1256 edit.
617 1204 688 1257 1713.
704 1209 731 1256 et
744 1204 884 1270 septimam
898 1206 1152 1272 crepacordis

152 1273 247 1327 habeo.
281 1271 314 1324 In
332 1276 446 1337 utraque
463 1269 559 1322 harum
577 1269 672 1323 iisdem
690 1271 779 1324 verbis
797 1274 821 1341 ᾗ.
838 1270 899 1326 VII.
923 1272 993 1326 haec
1010 1274 1151 1341 leguntur:

153 1342 249 1392 Homer
274 1348 351 1396 carole
376 1357 393 1389 o
413 1338 498 1402 coquel
515 1341 544 1403 of
566 1337 649 1405 Scope
673 1344 726 1390 ond
745 1340 916 1408 Rhopcodicr,
940 1351 964 1391 to
988 1343 1017 1393 be
1034 1345 1151 1410 sunpbp

154 1409 254 1468 himself
264 1408 314 1471 sor
331 1405 404 1457 small
423 1407 545 1470 cominges
563 1408 618 1457 aad
633 1407 699 1471 qood
716 1408 797 1470 cleer,
816 1417 843 1459 ot
862 1407 988 1460 Fectioolr
1005 1411 1062 1460 arrd
1081 1410 1152 1461 other

154 1477 220 1542 days
237 1475 269 1537 of
281 1473 443 1535 Merrimcnt3
460 1473 499 1525 ilc
511 1472 583 1524 Ilr'od
600 1474 629 1525 lte
646 1475 719 1525 made
737 1479 778 1530 for
795 1476 836 1526 tlte
848 1476 919 1537 Men,
939 1477 995 1527 cord
1012 1478 1052 1528 tlte
1068 1476 1151 1545 Odys-

153 1548 202 1595 seia
218 1543 262 1599 for
280 1541 318 1592 ibe
335 1542 405 1592 otlter
418 1541 477 1593 Ser.
517 1541 618 1594 Pluere
636 1544 723 1595 loorc
740 1544 845 1610 δυτψ
863 1560 945 1595 merc
962 1554 1019 1595 aot
1038 1545 1153 1596 collec-

154 1611 207 1663 tcol
232 1609 383 1676 together
404 1610 438 1659 ξπ
456 1609 504 1659 tle
522 1610 619 1659 Forat
637 1611 727 1665 osorr
746 1611 830 1673 Epic
848 1612 958 1672 Poom,
982 1611 1039 1662 till
1056 1613 1153 1664 about

154 1679 207 1732 500
232 1694 329 1746 years
358 1680 456 1740 orror.
492 1675 563 1742 Quid
589 1676 686 1729 clarius
716 1683 757 1730 est
773 1676 846 1730 hisce
866 1678 976 1731 verbis?
1010 1678 1109 1746 anue
1127 1683 1152 1732 et

155 1745 220 1798 satis
239 1744 355 1811 cogitate
373 1743 481 1811 scripta,
499 1759 549 1797 nec
566 1744 660 1798 ardore
680 1744 843 1812 digladiandi
860 1746 926 1800 elisa
937 1760 1004 1813 esse,
1023 1761 1058 1800 ex
1071 1746 1154 1800 totins

154 1813 208 1867 loci
230 1817 358 1866 contextu
380 1818 501 1878 apparet.
538 1811 633 1879 Neque
657 1817 748 1865 tamen
771 1812 839 1865 haec
862 1813 993 1880 professio
1021 1813 1152 1881 principis

156 1879 323 1946 criticorum,
341 1884 396 1933 tam
414 1885 509 1946 aperte
526 1886 635 1946 tamque
653 1879 831 1934 memorabilis
848 1888 961 1948 propter
978 1880 1067 1949 ipsum
1086 1887 1151 1935 tem·

155 1963 214 2016 pus,
233 1963 285 2016 quo
305 1962 363 2001 cum
382 1944 473 2015 edidit,
491 1946 509 1999 i.
528 1961 550 2000 e,
568 1947 662 2014 paucis
680 1948 755 2001 annis
773 1953 835 2015 post
851 1948 983 2002 famosum
1001 1965 1072 2017 cpns
1090 1949 1151 2003 Per·

156 2016 226 2083 ralti,
250 2031 298 2069 seu
316 2014 388 2084 quod
406 2029 439 2069 eu
455 2015 483 2067 in
500 2013 569 2069 libro
586 2014 753 2082 potissimum
771 2015 903 2084 theologis
921 2017 1020 2084 scripto
1039 2016 1150 2082 latebat,

157 2100 204 2138 seu
222 2083 294 2153 quod
312 2083 403 2137 multis
420 2090 521 2136 temere
539 2083 610 2136 iacta
627 2082 780 2150 ridebatur,
806 2083 839 2136 eb
863 2084 917 2138 ullo
941 2084 999 2137 vim
1018 2084 1101 2139 docto
1119 2083 1153 2138 ad

157 2152 377 2220 disceptationem
403 2157 500 2204 vocata
523 2157 577 2217 est;
599 2150 679 2203 immo
703 2166 720 2203 a
742 2150 876 2218 plerisque
894 2152 1001 2219 penitus
1020 2152 1152 2220 neglecta,

157 2227 188 2275 ut
205 2237 221 2274 a
238 2221 350 2273 Moneta
366 2221 401 2274 ad
419 2219 560 2272 Bailletum
579 2219 610 2271 T.
627 2218 677 2271 Ill.
695 2218 724 2271 P.
735 2219 757 2272 l.
775 2234 801 2286 p.
814 2222 881 2286 277,
899 2219 1024 2272 Hedelini
1043 2235 1153 2274 caecum

157 2290 287 2355 impetum
303 2294 429 2341 narrante
457 2287 490 2340 ab
509 2287 576 2354 aliis,
596 2293 627 2341 ut
644 2303 661 2340 a
678 2286 793 2354 Glarkio,
811 2286 907 2354 frigide
926 2293 974 2340 aut
990 2286 1080 2341 tribus
1096 2303 1153 2341 rer·

157 2356 202 2433 bis
216 2356 378 2432 transmissa,
396 2370 413 2407 a
430 2328 607 2432 Bopii's'adeo
626 2354 714 2432 derisa
730 2354 851 2408 fortasse.
880 2356 921 2433 At
936 2356 993 2422 ipse
1005 2355 1154 2422 Bentleius,

158 2439 205 2490 qm
229 2428 360 2475 senectuti
383 2436 447 2475 suae
474 2428 594 2474 criticam
611 2437 794 2475 recensionem
812 2423 923 2476 Homerr
941 2430 1110 2489 seposuerat,
1127 2423 1155 2475 in

158 2490 212 2552 illa,
230 2487 258 2541 id
275 2488 347 2556 quod
364 2504 398 2541 ex
416 2487 574 2556 quibusdam
591 2489 696 2542 indiciis
713 2489 817 2558 colligo,
832 2490 896 2543 huic
913 2490 953 2542 rei
970 2505 1004 2543 ex
1022 2489 1155 2544 industria

158 2558 244 2610 lucem
262 2557 374 2610 daturus
392 2561 457 2609 erat.
487 2554 659 2624 Quapropter
667 2556 744 2611 valde
761 2558 851 2624 miror,
869 2557 1025 2626 nihil,quod
1037 2558 1073 2611 ad
1084 2557 1155 2612 hanc

158 2624 342 2692 quaestionem
360 2629 471 2691 spectet,
490 2624 603 2692 reperiri
620 2625 648 2677 in
666 2624 765 2679 criticis
782 2625 857 2679 libris
875 2625 1032 2693 Anglorum,
1056 2626 1155 2693 quide

158 2692 232 2746 illius
255 2690 379 2745 editionis
403 2691 512 2745 consilio
531 2693 693 2746 mentionem
710 2692 820 2747 iaciunt.
855 2693 996 2761 Digamma
1014 2693 1156 2748 Aeolicum

160 2776 221 2814 enm
238 2759 411 2814 reducturum
429 2759 520 2826 luisse,
543 2760 681 2814 Dawesius
699 2761 789 2814 etalii
807 2776 919 2829 operose
938 2759 1043 2814 docent.
1079 2761 1156 2815 Haec

159 2835 250 2883 autem
272 2828 390 2883 narratio
415 2827 447 2881 de
472 2829 633 2896 digammate
659 2829 724 2881 mihi
747 2845 827 2896 saepe
852 2828 1045 2882 dubitationem
1063 2827 1156 2882 iniecit

133 2928 136 2933 ‹
158 2896 231 2950 haud
249 2896 342 2963 levem,
369 2895 434 2964 quid
450 2896 601 2950 Bentleinm
619 2896 757 2950 coniiciam
777 2898 809 2951 de
828 2895 987 2965 antiquitate
1005 2895 1156 2962 scripturae

160 2965 324 3019 Graecorum
343 2964 465 3031 sensisse,
485 2970 512 3017 et
530 2966 626 3033 quibus
645 2965 740 3031 causis,
758 2965 781 3019 si
792 2964 939 3018 Homerum
957 2963 1096 3031 scripsisse
1107 2980 1156 3032 pu-

159 3032 233 3097 tarit,
249 3031 320 3084 hanc
338 3032 490 3085 carminum
508 3033 566 3085 eius
583 3031 687 3099 epicam
705 3032 817 3086 formam
835 3039 910 3085 tanto
922 3032 1100 3099 posteriorem
1109 3046 1156 3099 po·

159 3115 224 3154 nere
242 3100 369 3166 potuerit.
398 3098 486 3153 Velim
505 3100 538 3153 de
554 3100 597 3153 his
614 3099 741 3152 certiores
758 3115 807 3154 nos
826 3100 926 3154 faciant
943 3100 970 3166 ii,
988 3099 1035 3168 qui
1053 3099 1157 3152 aditum

159 3167 260 3222 habent
284 3167 319 3221 ad
341 3167 400 3220 eius
423 3167 576 3221 adversarie
599 3175 627 3219 et
645 3173 722 3220 notas
739 3168 904 3235 Homericae,
928 3166 1043 3236 quaein
1060 3181 1157 3221 manus

160 3234 347 3290 Cumberlandi
374 3235 476 3288 venisse
500 3235 625 3288 dicuntur
648 3234 676 3285 in
699 3235 864 3303 Biographia
880 3236 1000 3289 Britaun.
1020 3234 1084 3288 edit.
1103 3249 1157 3288 sec.

159 3303 218 3357 Vol.
237 3303 271 3356 ΙΙ.
290 3320 314 3371 p.
335 3307 394 3357 244.
429 3303 504 3356 Nihil
522 3307 571 3369 est,
590 3302 622 3355 de
641 3317 693 3369 quo
711 3304 801 3369 potius
812 3304 929 3357 Bentleii
947 3303 1076 3356 iudicium
1095 3317 1156 3369 cog·

159 3386 237 3424 nosse
255 3371 375 3439 cupiam:
393 3376 421 3423 et
439 3369 498 3437 quis
515 3386 570 3423 non
586 3367 656 3422 idem
674 3371 773 3438 cupiat,
792 3372 838 3440 qui
856 3369 1032 3425 Phalarideae
1051 3376 1157 3424 contro·

159 3439 262 3491 versiae
280 3438 394 3492 iudicem
414 3437 504 3492 norit?
523 3437 553 3491 ld
570 3437 684 3504 dubites,
703 3454 737 3491 an
748 3439 820 3492 illius
832 3439 1011 3493 emendationi
1023 3438 1158 3491 Homerus

159 3511 263 3560 tantum
281 3506 420 3561 debiturus
437 3503 541 3573 fuisset,
561 3511 689 3574 quantum
707 3506 835 3562 Horatius
854 3507 935 3561 debet
953 3511 980 3559 et
998 3505 1107 3560 Comici.
