2482 3960
503 269 674 328 ..γ-

90 430 122 485 et
141 425 335 483 litteraturam
354 422 549 494 Homericam,
571 437 677 494 pauca,
705 437 779 495 quae
799 420 837 480 ad
861 436 977 480 sensum
1002 421 1094 493 poeti-

91 517 191 559 carum
212 500 350 558 virtutum
369 497 579 558 informandum
598 496 717 570 iaciant,
738 498 892 558 admodum
910 497 995 568 nihil,
1016 495 1094 568 qnod

90 578 165 636 vatis
192 581 319 635 aetatem
339 575 398 634 suis
418 574 615 648 opinionibuS,
642 574 769 634 moribus
802 580 833 633 et
851 574 929 634 omni
948 572 1094 633 sentiendi

91 651 286 724 etcogitandi
299 657 398 712 tenore
418 655 635 724 repraesentet3
656 666 692 708 ue
712 652 782 722 quid
803 650 839 709 de
859 650 990 710 auctario
1003 666 1091 722 nuga·
1106 657 1131 697 1³

93 746 157 787 rum
177 728 326 787 doctarum
347 734 376 787 et
389 727 542 787 indoctaru
555 725 688 798 indicam,
709 743 765 799 quo
785 727 859 787 baec
878 742 992 799 quoque
1006 726 1093 786 Sebo-

54 864 59 873 ,
89 806 132 864 ιιι
151 821 253 863 aevum
272 821 354 863 snum
374 809 535 867 testantur

151 881 258 953 Quare,
277 887 310 939 ut
329 896 404 938 nnnc
424 896 523 938 seres
543 879 640 948 babet,
662 895 698 938 ex
716 895 773 952 qno
794 879 969 939 Graecorum
990 895 1025 938 ac
1039 879 1094 937 La·

91 918 219 1017 tinorum
225 957 273 1016 litt
260 963 342 1016 terae
355 958 385 1014 in
397 957 567 1046 popularem
578 972 681 1028 gyrum
692 958 819 1016 coartari
829 961 996 1045 coeperunt,
1010 954 1095 1016 valde

91 1033 247 1093 verendum
273 1039 331 1104 est,
351 1049 388 1091 ne
414 1034 510 1106 operi,
539 1032 616 1103 quod
635 1033 757 1091 maxime
778 1029 903 1091 deficit
894 1048 924 1089 m
943 1032 995 1102 iis,
1020 1047 1095 1103 qnae

91 1111 178 1181 uulgo
199 1110 383 1182 cupidissime
404 1110 594 1181 anquirimus,
621 1108 669 1165 vix
693 1109 781 1197 aliqui
811 1109 978 1181 contingant
999 1123 1015 1166 e
1033 1109 1094 1168 lon·

91 1187 198 1258 ginquo
219 1192 404 1258 venerantes,
424 1186 549 1245 lectores
569 1185 716 1257 perpauci.
756 1186 859 1258 Neque
884 1185 930 1258 id,
955 1190 988 1243 ut
1007 1182 1095 1243 hodie

90 1263 170 1334 loqui
191 1263 292 1334 solent,
312 1263 373 1335 legi
392 1267 504 1335 potest;
525 1261 641 1320 assidue
661 1263 792 1334 tractari,
813 1262 918 1335 excuti,
939 1277 1004 1319 cum
1024 1261 1091 1319 reli-

91 1339 156 1410 quis
171 1338 311 1412 omnibns,
333 1338 435 1409 quibus
450 1344 580 1397 vetustas
594 1339 734 1410 pepercit,
748 1338 884 1398 subsidiis
899 1338 1012 1397 curiose
1026 1352 1093 1396 con·

91 1414 162 1473 ferri
181 1416 282 1488 poscit.
323 1415 407 1486 Quod
428 1431 483 1486 qno
505 1416 568 1486 quis
588 1412 691 1472 fecerit
710 1415 876 1486 studiosius,
897 1431 931 1474 eo
945 1414 1038 1486 magis
1051 1414 1095 1471 in·

90 1492 206 1563 telligat
225 1497 349 1564 oportet,
372 1507 407 1550 ex
427 1496 533 1562 quanto
553 1489 706 1563 naufragio
726 1491 756 1548 in
776 1492 831 1550 hoc
851 1490 1001 1551 doctrinae
1022 1490 1093 1550 orbe

90 1583 177 1639 quarn
197 1584 291 1640 pauca
305 1566 343 1625 ad
356 1583 408 1625 nos
421 1568 558 1639 perlapsa
571 1565 733 1638 fragmenta
748 1569 815 1640 sint,
831 1568 923 1625 instar
935 1565 1094 1627 forulorum

90 1645 203 1716 aliquot
223 1659 259 1701 ex
279 1643 454 1701 bibliotheca
473 1643 592 1715 ingenti.
635 1644 698 1714 Qua
719 1643 807 1703 dere
827 1649 939 1716 postea,
960 1644 985 1700 si
998 1644 1094 1702 locum

91 1721 129 1778 de
142 1720 314 1780 Homericae
334 1720 466 1779 lectionis
487 1718 613 1778 fontibus
634 1720 770 1793 attigero,
790 1719 921 1793 pluribus
942 1718 1095 1778 dicendum

90 1797 157 1855 erit
197 1796 255 1855 Sed
276 1796 405 1867 quamvis
429 1812 466 1854 ne
491 1796 576 1854 unius
603 1795 719 1867 quidem
743 1797 900 1855 celebrium
921 1796 1094 1856 Griticorum

91 1879 222 1931 veterum
241 1873 284 1930 int
272 1879 370 1944 tegras
385 1872 647 1932 animadversiones
662 1878 713 1930 aut
726 1873 923 1933 recensionem
940 1889 1094 2008 reeutpere·

92 1966 164 2038 mus,
185 1965 256 2021 quas
276 1955 396 2022 propter
415 1950 510 2008 varias
531 1965 633 2008 causas
648 1949 718 2007 milri
730 1950 885 2008 verisimile
897 1965 955 2009 non
969 1955 1022 2022 est,
1044 1965 1093 2021 ge·

88 2026 177 2085 nuino
198 2042 250 2084 suo
269 2024 370 2084 habitu
390 2025 468 2083 inV.
483 2030 514 2084 et
526 2025 574 2083 VI
595 2026 741 2084 saeculum
761 2026 950 2104 perdurasse;
971 2025 1092 2098 passim·

87 2117 146 2172 que
166 2102 196 2159 in
214 2102 332 2173 vulgato
352 2107 434 2160 textu
458 2102 620 2173 scripturae
647 2102 705 2159 sint
731 2102 793 2159 inre
820 2106 991 2174 suspectae,
1018 2116 1091 2171 quas

90 2176 172 2236 nobie
192 2178 272 2236 nulla
291 2178 401 2237 notatio
422 2178 572 2246 sollicitet;
598 2178 658 2235 alia
677 2192 796 2249 prorsus
817 2176 950 2249 deserta,
980 2192 1093 2248 qnaea

89 2253 236 2312 veteribus
257 2253 370 2312 diverse
390 2254 536 2311 illustrata
505 2258 621 2311 tesse
647 2252 764 2340 aliunde
790 2252 903 2311 discere
927 2253 973 2312 vel
999 2253 1093 2326 suspi-

88 2331 151 2388 cari
175 2330 278 2400 liceat3
305 2345 391 2402 quum
417 2330 566 2400 nonnulla,
587 2344 717 2401 quaein
717 2334 847 2418 terprete
872 2346 931 2389 non
957 2329 1091 2402 egebant,

87 2406 195 2464 obruat
214 2407 303 2466 moles
325 2407 608 2465 commentariorum:
629 2405 683 2464 sed
703 2405 833 2477 quamvis
852 2405 925 2465 baec
940 2412 970 2466 et
982 2407 1094 2466 maiora
1160 2463 1166 2475 ,

89 2481 250 2554 desideres,
270 2488 368 2541 tamen
383 2497 490 2554 eorum,
512 2498 586 2554 quae
600 2481 694 2554 docte,
710 2487 804 2555 acute,
818 2483 968 2555 ingeniose
981 2489 1091 2555 notata,

89 2574 165 2629 quae
185 2559 296 2617 utiliter
316 2559 517 2617 animadversa
537 2564 588 2617 aut
607 2574 643 2617 ex
663 2559 863 2630 antiquissimo
891 2576 962 2619 aevo
987 2567 1132 2632 propa-14

90 2640 160 2706 gata
180 2640 262 2706 sunt,
289 2634 364 2694 adeo
384 2641 504 2708 superat
524 2636 621 2709 copia,
646 2636 820 2707 utquisque
840 2634 938 2694 videat
956 2636 1011 2696 boc
1031 2636 1093 2694 the-

89 2727 175 2770 sauro
195 2712 308 2770 recluso
328 2716 439 2769 tantum
459 2710 618 2770 adiumenti
637 2710 764 2770 Homero
793 2710 831 2769 ad
856 2717 1035 2784 accuratam,
1062 2716 1093 2771 et

87 2788 219 2846 criticam
239 2793 269 2846 et
294 2787 474 2860 historicam,
501 2788 770 2859 interpretationem
796 2789 929 2861 allatum,
955 2794 1093 2860 quantum

88 2862 128 2921 ad
148 2863 270 2921 aliorum
290 2869 450 2936 poetarum,
472 2880 543 2935 quos
563 2863 651 2922 iidem
670 2863 860 2922 Alexandrini
884 2869 1092 2935 tractaverunt,

87 2939 227 2998 habemus
240 2940 358 2998 nullum.
397 2940 477 3012 Ergo
491 2940 627 2998 desinant
640 2939 794 3011 aliqnando
809 2939 999 2999 Orientalium
1012 2939 1093 2999 litte·

87 3031 186 3074 rarum
204 3016 352 3087 magistri,
372 3015 491 3075 Masora
511 3032 564 3074 sua
589 3015 722 3088 superbi,
748 3015 848 3075 dolere
872 3015 1016 3076 fortunam
1043 3033 1093 3076 no·

88 3097 188 3163 stram,
215 3091 292 3164 quod
315 3092 397 3151 nobis
423 3093 585 3166 scripturae
611 3092 783 3152 Homericae
810 3094 968 3152 auctoritas
995 3093 1092 3166 posita

88 3169 128 3226 sit
147 3168 177 3225 in
196 3172 256 3227 tam
275 3184 412 3227 novorum
432 3168 562 3228 codicum
582 3166 652 3240 fide,
673 3168 820 3241 plerisque
840 3174 970 3228 veterum
991 3184 1091 3227 recen·

10 3309 12 3312 v
86 3244 200 3302 sionnm
220 3244 350 3317 vestigiis
370 3245 413 3303 aie
431 3245 546 3305 obtritis
567 3260 601 3303 cc
622 3244 734 3317 deletis,
756 3250 789 3301 ut
808 3249 904 3303 textus
918 3244 1011 3304 nostri
1025 3261 1091 3304 con·
1123 3296 1125 3301 .

88 3318 222 3380 formatio
242 3337 336 3394 paene
356 3321 386 3378 in
406 3322 528 3381 obscuro
547 3321 647 3380 lateat.
688 3321 835 3380 Habemus
850 3337 935 3393 nunc,
957 3320 982 3379 si
995 3322 1093 3381 omnia

70 3394 216 3468 undique
247 3402 385 3470 excerpta
414 3397 624 3472 componimus,
653 3397 801 3457 Masoram
832 3397 919 3456 etiam
950 3396 1092 3456 Graecam

87 3473 242 3546 quandam,
262 3479 325 3532 tum
344 3477 514 3546 vestustate,
534 3479 595 3532 turn
608 3474 707 3533 variae
721 3473 891 3534 eruditionis
904 3473 989 3548 copia
1001 3474 1092 3538 multo
