2482 3960
559 294 739 351 „74-

224 446 355 504 Eandem
374 462 436 504 rem
454 444 574 504 forsitan
592 444 701 505 frustra
721 447 832 518 experti
851 444 974 504 fuissent
995 445 1105 505 Graeci
1117 449 1149 506 in

149 523 212 581 aliis
228 519 357 594 Νόστοις,
377 539 434 594 quo
453 524 566 582 nomine
587 524 670 595 plura
690 523 843 581 exstabant
863 523 983 593 antiqua
997 521 1147 596 Carmina,

149 615 269 670 quorum
288 615 324 657 ne
336 606 467 658 auctores
482 599 597 670 quidem
610 600 692 658 nobis
706 600 777 658 satis
790 601 851 657 noti
865 599 986 664 sunt⁸⁸t
1008 599 1068 658 Sed
1081 602 1146 658 nul·

97 681 136 721 12⁹
148 676 203 733 lius
224 691 305 734 error
324 682 383 734 tam
401 677 503 748 longus
522 682 638 748 tamque
658 676 807 735 disiunctis
821 677 851 732 in
863 677 934 735 locis
947 674 1046 734 fuerat
1060 692 1148 747 quam

148 752 269 824 Ulyssis,
295 753 400 810 nullius
419 759 479 811 tarn
498 752 644 812 mirabiles
664 761 743 811 terra
762 753 892 823 marique
912 769 996 810 casus
1016 758 1048 811 et
1068 753 1145 811 ludi·

148 828 212 886 bria
234 827 367 888 fortunae
390 827 467 887 fama
491 830 704 902 divulgaverat,
731 836 764 888 ut
789 831 851 886 iure
875 831 963 888 liceat
988 829 1142 902 suspicari,

148 910 258 963 tantam
284 906 396 977 copiam
414 905 498 963 huius
519 908 632 977 generis
654 906 819 964 carminum
840 905 876 964 de
896 907 953 964 alio
974 906 1053 964 nullo
1074 923 1147 978 sup·

148 981 277 1055 petiisse.
309 982 370 1041 Iam
396 987 426 1039 et
451 982 498 1039 hic
518 989 547 1041 et
567 984 596 1039 in
615 982 706 1041 Iliade
727 999 761 1040 eo
780 981 842 1040 fere
862 983 952 1041 omnis
971 981 1051 1040 redit
1070 982 1153 1041 dubi-

149 1059 230 1130 tatio,
252 1075 297 1130 an,
319 1060 344 1117 si
365 1074 400 1116 ex
419 1064 480 1117 toto
501 1064 624 1131 quatuor
637 1061 682 1117 vel
697 1060 820 1130 quinque
834 1060 957 1116 maiores
971 1058 1145 1130 rhapsodias

150 1137 335 1207 excerpseris,
355 1151 583 1207 unamquamque
602 1136 695 1193 trium‘
709 1136 870 1207 pluriumve
889 1135 1037 1206 librorum,
1057 1137 1087 1192 in
1108 1136 1145 1193 iis

151 1227 280 1269 seorsum
298 1211 401 1284 positis
423 1213 483 1269 eius
501 1228 637 1282 summae,
659 1228 744 1283 quam
758 1227 833 1268 nunc
847 1227 944 1270 omnes
959 1211 1144 1283 admiramur,

149 1288 272 1358 vestigia
290 1288 337 1344 vel
356 1287 556 1346 tantummodo
573 1287 685 1345 vincula
704 1304 828 1359 magnae
848 1289 995 1360 compagis
1009 1288 1147 1360 primitus

150 1362 318 1434 designatae
339 1362 546 1434 deprehendas.
581 1363 647 1422 Scio
661 1380 746 1435 quarn
760 1363 876 1422 difficile
890 1366 938 1433 sit,
956 1364 1148 1423 Aristotelem

150 1444 180 1496 et
199 1445 310 1497 ceteros
331 1439 486 1510 scriptores
507 1441 612 1497 artium
632 1439 769 1512 oblivisci,
785 1442 834 1511 qui
853 1442 942 1499 multo
963 1445 1037 1512 post,
1058 1456 1146 1512 quam

149 1521 248 1587 partes
267 1515 323 1572 hae
336 1513 456 1573 firmiter
469 1517 645 1587 coaluerant,
666 1516 733 1573 inde
747 1524 904 1589 praecepta
917 1534 970 1574 sua
984 1514 1146 1575 duxerunt:

151 1597 181 1648 at
201 1591 300 1662 quidni
319 1591 474 1649 iucundum
494 1594 540 1664 sit,
561 1594 648 1650 semel
664 1599 693 1649 et
712 1593 816 1650 iterum
840 1610 875 1651 ex
893 1594 1008 1650 illarum
1021 1599 1151 1651 contem-

150 1667 278 1739 platione
298 1669 513 1738 antiquissimae
533 1670 628 1742 poesis
649 1671 793 1741 specimen
814 1671 938 1742 capere?
967 1685 1054 1740 quam
1073 1669 1152 1727 inter

65 1743 69 1752 '
151 1760 248 1802 omnes
268 1745 401 1803 convenit
421 1744 458 1802 ad
477 1744 634 1803 Homerum
654 1761 744 1817 usque
764 1747 873 1803 nullum
894 1746 1007 1817 longius
1022 1752 1053 1803 et
1064 1745 1153 1804 huius

151 1818 259 1878 formae
280 1838 352 1893 opus
372 1822 525 1893 protulisse
533 1821 579 1892 ⁸⁹).
618 1821 693 1879 Mihi
717 1822 840 1895 quidem,
861 1821 964 1893 fateor,
988 1822 1102 1892 quoties
1122 1822 1153 1880 in

150 1895 222 1952 illud
241 1896 367 1968 priscum
382 1913 491 1970 aevum,
513 1903 650 1969 quantum
663 1915 788 1970 possum,
808 1899 902 1957 animo
915 1898 1014 1970 redeo,
1035 1898 1155 1956 minimo

152 1971 306 2043 displicent
324 1974 381 2032 isto
400 1974 485 2033 modo
509 1974 584 2033 lecta
604 1974 677 2031 haee
691 1974 835 2046 Carmina,
856 1990 950 2045 neque
969 1975 999 2031 in
1019 1974 1151 2046 ingenio·

101 2061 138 2101 me
152 2049 263 2108 sissimo
284 2048 468 2109 adolescente
482 2051 601 2108 senilem
615 2051 786 2122 sapientiam
801 2051 944 2110 desidero.
979 2051 1151 2122 Quanquam

151 2142 207 2183 non
227 2131 287 2183 tam
307 2127 479 2200 sapientiam
500 2134 531 2185 et
549 2127 758 2200 praestantiam
780 2129 866 2199 artis,
892 2143 977 2198 quam
998 2132 1099 2185 tantae
1122 2132 1152 2187 et

151 2209 210 2259 tam
230 2204 309 2260 varie
330 2203 467 2276 episodiis
488 2204 640 2262 distinctae
660 2205 865 2276 perpetuitatis
887 2203 1091 2276 cogitationem
1114 2203 1151 2262 ab

151 2278 269 2337 Homeri
289 2281 352 2338 loco
373 2288 402 2338 et
420 2280 516 2339 indole
537 2282 660 2338 alienam
681 2296 745 2338 esse
768 2280 919 2339 contendo.
959 2280 1034 2337 Nam
1053 2294 1152 2352 neque

151 2370 197 2412 ars
219 2361 248 2413 et
267 2356 399 2414 iunctura
418 2357 478 2424 illa,
498 2358 554 2414 etsi
573 2373 696 2414 summas
717 2356 818 2414 laudes
840 2357 953 2428 meruit,
980 2357 1022 2412 ita
1042 2356 1152 2415 callida

152 2436 196 2488 est
216 2437 246 2487 et
265 2431 388 2504 subtilis,
408 2438 441 2490 ut
455 2448 518 2489 eam
531 2433 633 2504 ingens
647 2434 802 2504 ingenium,
823 2432 995 2491 necessariis
1010 2431 1150 2491 subsidiis

150 2507 334 2579 instructum,
365 2509 410 2565 vel
431 2509 492 2567 sine
517 2509 646 2580 exemplo
673 2510 788 2580 assequi
809 2527 866 2569 non
885 2509 1029 2582 potuisse3
1054 2524 1150 2581 neque

220 2667 254 2730 88)
273 2667 325 2732 Qui
342 2667 412 2719 enim
431 2683 447 2719 a
465 2666 576 2721 (lasaub.
596 2667 624 2720 in
641 2668 738 2721 Athen.
752 2667 798 2733 IV,
819 2672 858 2721 14.
878 2673 947 2721 extr.
960 2667 1073 2789 aliisque
1090 2668 1148 2722 lau·

152 2735 256 2812 dantur,
277 2734 332 2788 fere
353 2743 415 2814 sunt
432 2736 602 2804 recentiores,
621 2742 648 2789 et
666 2736 699 2789 ab
717 2736 770 2789 illis
787 2735 898 2789 Homeri
918 2735 1024 2805 aequali
1043 2751 1075 2790 us
1093 2752 1149 2790 ma-

151 2809 245 2855 temam
264 2818 340 2856 suam
356 2809 499 2871 petrerant.

218 2887 255 2956 89)
272 2887 314 2943 De
330 2887 476 2943 Aristotele
493 2887 558 2956 quid
574 2888 695 2956 audeam,
713 2888 799 2943 video.
832 2889 885 2943 Sed
902 2889 930 2942 in
948 2888 1041 2943 eadem
1058 2903 1147 2956 paene

150 2956 257 3009 haeresi
274 2973 344 3023 sum,
367 2973 446 3024 quam
469 2972 555 3024 nuper
572 2957 708 3024 professus
726 2965 767 3010 est
785 2962 879 3011 auctor
899 2957 1031 3025 elegantis
1050 2956 1155 3011 hoelli=

152 3025 306 3088 Parollelen,
324 3040 351 3091 p.
371 3029 472 3093 14.sqq.
508 3024 611 3078 Deinde
631 3024 703 3093 quod
720 3026 862 3079 convenire
882 3025 938 3079 dixi
959 3024 991 3078 de
1002 3024 1078 3092 poesi
1089 3032 1154 3078 ante

150 3090 304 3158 Homerum,
331 3091 358 3146 id
376 3108 430 3145 non
448 3092 505 3146 sola
522 3094 675 3147 coniectura
692 3093 802 3161 nititur,
826 3092 873 3146 sed
891 3093 1012 3161 ipsorum
1029 3098 1152 3146 veterum

151 3158 310 3213 auctoritate
350 3160 396 3227 qui
419 3160 523 3214 illorum
547 3163 711 3214 canticorum
736 3168 894 3229 argumenta
913 3167 940 3214 et
959 3160 1068 3215 nomina
1086 3161 1153 3214 satis

150 3226 234 3280 multa
257 3199 405 3294 proferunt.
436 3229 468 3281 In
491 3228 647 3295 oculisest,
669 3235 778 3294 praeter
795 3228 928 3282 Velleinm
947 3235 975 3282 et
992 3235 1034 3282 tot
1053 3229 1154 3282 similes

150 3292 311 3363 laudatores,
330 3295 489 3350 Aristoteles
507 3312 529 3349 c.
539 3299 590 3362 24,
608 3294 654 3362 qui
673 3295 775 3364 aliquot
783 3297 928 3350 virtutibus
940 3296 1009 3364 epici
1019 3296 1153 3364 poematis

151 3363 313 3416 enumeratis
331 3363 455 3431 apponit:
474 3363 514 3422 οἷς
537 3367 618 3414 πᾶσιν
632 3361 748 3434 Ὅμηρος
771 3365 902 3437 κέχρηται
922 3364 964 3416 καὶ
983 3369 1092 3434 πρῶτος
1109 3363 1153 3415 καὶ

151 3431 254 3549 ῐκῗνῶς.
292 3430 335 3484 lta
360 3431 495 3498 plerisque
513 3430 558 3483 ille
576 3436 617 3482 est
637 3439 664 3484 et
678 3435 780 3498 primus
799 3445 822 3484 et
839 3434 957 3484 omnibus
977 3434 1092 3485 numeria
1109 3432 1152 3482 ab·

150 3507 253 3551 rodim.
