2482 3960
551 291 663 344 -1s8
691 315 728 327 -

153 442 353 516 Quamobrem,
373 441 398 499 si
418 440 454 498 de
473 438 606 496 universa
625 435 699 497 facie
719 442 748 495 et
766 436 878 496 habitu
893 438 1074 499 carminum
1086 455 1153 512 quae

98 529 138 570 τοι
152 522 250 592 rimus,
269 535 325 578 non
347 524 391 576 est
411 515 536 587 dubium,
555 515 623 586 quin
642 520 721 572 recte
740 513 888 573 divinarit
909 515 1093 590 Giphanius,
1109 519 1153 572 sal

152 606 245 667 potam
268 604 389 651 nostrum
412 594 586 648 recensionem
604 610 659 647 ease
677 593 767 662 ipsam
787 593 1028 649 Aristarcheam.
1066 592 1153 652 Melius

153 673 207 731 hoo
226 670 438 741 diiudicabitur‚
459 668 561 726 saltem
580 667 673 725 iustae
692 666 864 726 tractationi
876 667 976 728 buius
992 670 1152 742 quaestionis

153 747 323 823 proludetur
340 762 457 880 peliihea,
479 760 552 816 quae
571 759 645 802 nuno
665 743 817 802 additurus
837 760 910 803 sum
933 746 979 804 de
996 743 1152 825 ddsrp‘oeon

154 831 184 884 at
204 841 240 882 ue
259 824 352 882 lituris
375 824 380 836 '
406 823 456 880 'ua

186 841 204 897 q
229 899 354 958 Multum
374 900 446 958 enim
468 896 563 954 diiiert
581 897 657 953 iuter
676 895 788 955 obelum
807 895 873 955 sive
895 895 1065 976 ἀθέτησιν,
1095 913 1152 972 quse

156 993 225 1036 vere
245 977 364 1048 dicitur,
389 981 419 1034 et
438 975 513 1031 inter
532 973 656 1030 lituram.
694 971 900 1031 Aristarchum
927 983 1042 1036 autem
1061 977 1091 1035 in
1106 992 1153 1035 eor·

156 1054 329 1113 sectionibus
349 1053 408 1110 suis
428 1067 484 1110 non
503 1049 608 1119 ubique
627 1050 684 1107 ista
702 1053 770 1109 nota
782 1064 878 1120 usum,
901 1040 962 1109 sed
977 1054 1071 1125 plura
1083 1054 1153 1112 eum

156 1129 283 1188 funditus
304 1129 455 1187 sustulisse
475 1143 509 1184 ao
529 1125 687 1198 delevisse,
716 1132 776 1183 tum
795 1141 857 1183 mos
879 1128 1029 1198 priorum
1049 1129 1154 1188 Tame

157 1223 256 1266 corum
275 1205 413 1263 credibile
432 1200 556 1273 facist),
582 1208 642 1260 tum
660 1199 803 1260 Ammonii
821 1201 904 1261 olere
925 1203 1027 1265 docet
1046 1204 1155 1265 euomui-

157 1281 255 1352 torst).
290 1281 353 1351 Quo
368 1279 530 1337 discrimine
542 1276 645 1336 iecerit
657 1283 819 1348 utrumque,
837 1277 1070 1353 incompertum
1081 1282 1155 1341 babo

156 1375 229 1416 mus.
268 1357 372 1414 Litora
391 1372 443 1414 seu
455 1353 528 1412 falce
539 1370 604 1412 eum
617 1371 699 1412 usum
713 1354 814 1413 credas
826 1354 856 1411 iu
870 1355 910 1413 iis
921 1358 1078 1433 versibus,
1096 1374 1155 1431 quos

157 1434 203 1492 vel
223 1434 305 1491 nimis
326 1433 485 1490 luxuriosos
500 1431 650 1503 iudicaret,
670 1431 716 1489 vel
728 1431 820 1490 modis
834 1435 867 1489 ot
878 1435 1024 1494 numeris
1037 1434 1156 1495 Homeri-

158 1511 200 1569 cis
214 1510 345 1579 absence,
366 1509 411 1568 vel
425 1509 582 1567 contrarios
597 1508 757 1566 sententiae
770 1509 953 1567 sermonisve
970 1510 1086 1571 Graeci
1097 1510 1157 1583 legi·

99 1602 136 1643 ssa
159 1588 221 1660 bus,
241 1593 292 1646 aut
311 1602 383 1658 quos
397 1587 426 1643 in
439 1585 553 1657 optimis
567 1583 775 1656 exemplaribus
788 1599 845 1642 non
858 1587 1092 1660 reperisset¹⁴);
1111 1588 1156 1645 sir·

149 1824 281 1878 diversum
300 1837 316 1875 a
333 1820 489 1888 quaestione
507 1821 540 1872 sie
558 1829 659 1872 ancora
676 1821 828 1872 νιοιαιίοαὶι
839 1830 951 1874 amirae.
1001 1823 1156 1894 Quanquam

149 1907 199 1946 nec
215 1892 283 1944 haec
300 1887 422 1956 quaestio
441 1888 602 1954 pertractari
618 1887 662 1942 hic
679 1893 776 1956 potest,
793 1893 824 1942 ut
840 1887 931 1942 debet.

215 1974 252 2042 4²)
269 1972 338 2028 Vide
356 1987 437 2040 supra
455 1986 512 2039 cap.
524 1971 624 2028 XLIII.
643 1977 671 2026 et
686 1971 783 2029 XLIV.

226 2060 262 2125 4³)
280 2058 366 2112 Schol.
383 2056 418 2110 ad
435 2075 458 2111 ιι.
476 2058 630 2112 aas-399.
660 2056 801 2122 Ἀμμώνιος
823 2058 1074 2134 ὁἏμιοτάρχειος
1090 2066 1156 2133 τιμῶ-

161 2147 207 2180 τον
230 2128 278 2191 μὲν
304 2127 462 2194 στιγμαῖς
479 2125 507 2193 (i.
527 2140 550 2178 e.
568 2125 662 2193 obelis)
688 2125 754 2196 φησὶ
776 2126 822 2178 τὸν
846 2127 1032 2201 Ἀμίσταμχον
1051 2151 1099 2185 πα
1127 2150 1156 2184 α·

162 2195 426 2265 σημειώσασθαι
444 2193 553 2260 αὐτούς,
571 2192 631 2245 εἶτα
650 2194 768 2246 τέλεον
787 2193 941 2260 ἐξελεῖν,
972 2200 1014 2250 τά
1033 2219 1052 2252 α
1129 2200 1157 2251 sd

162 2264 206 2315 ἐπὶ
229 2265 358 2331 δευτέρου
377 2261 519 2330 πμοςώτοο
541 2261 573 2312 τὸ
597 2262 694 2329 σφίσι
712 2262 855 2382 ectaz-ias,
881 2262 927 2314 zoi
944 2218 1066 2320 ἅνωόεν
1084 2284 1156 2331 μετε-

162 2328 1054 2469 illisitslatill5⁰2biilliilllzbssiblbisl
1067 2337 1156 2462 ἓνῗῖἳ

161 2485 183 2520 1.
197 2484 221 2519 τ.
235 2466 257 2517 l.
287 2463 372 2530 Quem
389 2478 502 2531 versum,
519 2463 683 2533 ineptissimo
700 2465 759 2520 loco
777 2465 921 2533 repetitum
933 2481 970 2520 ex
985 2470 1010 2522 d.
1023 2421 1096 2539 330,
1112 2470 1155 2524 ibi·

162 2533 222 2587 dem
232 2532 364 2599 discimus,
374 2532 525 2599 appositum
535 2547 592 2586 esse
605 2547 621 2585 a
632 2533 768 2588 Zenodoto
775 2553 782 2595 ;
797 2549 832 2588 an
843 2533 877 2587 ab
887 2533 940 2588 hoo
950 2550 1010 2590 uno
1023 2546 1053 2591 et
1064 2539 1154 2606 primo,

162 2616 216 2654 nou
234 2607 345 2654 constat.
381 2600 425 2653 Ad
437 2599 507 2652 idem
525 2615 608 2667 genus
625 2601 721 2655 liturae
738 2607 843 2669 spectat
859 2601 972 2655 fortasse
986 2605 1105 2661 verbum
1115 2606 1154 2658 iz-

162 2667 296 2737 κρίνειν
320 2667 349 2720 in
366 2666 503 2735 praeclara
519 2679 582 2722 nota
598 2668 744 2722 Aristonici
759 2668 794 2722 ad
812 2670 840 2722 ti.
858 2674 915 2724 535.
935 2667 1111 2742 Ἐγκμίνει
1127 2673 1155 2726 δὲ

161 2736 259 2800 μᾶλλον
279 2739 293 2788 ὁ
312 2734 484 2806 Ἀρίσταρχος
500 2736 563 2796 τοὺς
580 2737 732 2805 δευτέρους.
750 2741 810 2804 (vsa
829 2738 987 2807 sas-537.)

226 2822 262 2888 44)
280 2821 372 2892 Isidos.
390 2821 480 2889 Origg.
498 2822 519 2889 I,
538 2826 580 2877 20.
622 2823 712 2875 obitus
729 2825 868 2890 opponitur
884 2824 965 2874 οιτὸἰο
984 2834 1034 2877 omi
1052 2836 1153 2880 senien-

157 2889 198 2940 it's's
225 2891 394 2956 superflue
417 2892 569 2944 iteratis.
613 2890 674 2944 Huc
700 2890 835 2957 pertinent
856 2890 996 2943 recidendo
1019 2895 1154 2947 ambitioso

158 2968 311 3010 ornamenta
327 2973 369 3025 ap.
389 2958 453 3011 Hor.
487 2959 526 3010 At
552 2957 660 3025 gravior
681 2958 756 3012 locus
780 2964 821 3011 est
839 2956 962 3025 Apollon.
981 2959 1018 3013 de
1039 2959 1116 3029 Synt.
1133 2962 1154 3028 Ι,

161 3030 213 3087 11,
231 3024 277 3078 ubi
293 3036 434 3092 postquam
446 3024 549 3079 monuit
560 3025 593 3078 de
607 3025 802 3079 abundantibus
813 3025 917 3092 litteris,
937 3026 1049 3094 syllabis
1061 3035 1091 3082 et
1103 3029 1153 3084 dio

159 3092 280 3146 tionibus
298 3091 434 3160 (λέξεσιν),
452 3092 533 3160 addit,
550 3091 682 3146 interdum
701 3093 781 3147 etiam
798 3095 826 3146 in
834 3099 891 3147 tota
902 3094 1025 3148 oratione
1034 3110 1097 3151 csse
1108 3096 1153 3152 ali·

160 3159 229 3227 quid
246 3175 479 3229 supervacaneum,
497 3157 560 3213 lis!
574 3158 638 3213 nel
642 3158 693 3213 ὈΥ
692 3158 715 3213 Σ
730 3160 798 3214 ποτὲ
815 3161 966 3230 παρέλκειν,
984 3165 1058 3232 πρὸς
1076 3165 1152 3218 οὐδὲν

161 3231 363 3288 συντείνοντας·
390 3225 446 3294 εἴγε
475 3228 610 3288 πλείους
632 3229 826 3299 ἀθετήσεις
849 3228 1078 3302 Ἀμιστάμχου
1103 3232 1154 3286 διὰ

161 3296 245 3356 τοὺς
268 3297 447 3355 τοιούτους
476 3314 492 3347 τ
509 3296 623 3375 1,όποινς
642 3297 812 3375 ξγένοντο.
845 3297 921 3351 Haec
937 3297 1048 3365 plenam
1065 3301 1154 3355 lucem

164 3361 1155 3512 statuissetisalestamsatist-ebriam

163 3502 192 3551 st
213 3497 246 3552 ab
264 3499 389 3566 Argolico
407 3500 529 3566 exemplo
546 3499 662 3554 abluisse
680 3501 846 3557 Callistratus
857 3500 1020 3570 prodiderat,
1039 3504 1155 3561 aZeuo·

192 3744 218 3790 f
