2482 3960
522 268 696 321 -155-

106 416 189 486 seris,
217 431 275 473 non
298 420 394 472 tamen
418 430 481 472 eam
501 414 557 472 vim
576 414 692 485 habere,
712 422 745 474 nt
763 416 922 475 Aristarchi
952 418 1055 476 merite
1073 418 1103 474 in

56 494 61 500 '
105 491 262 551 Homerum
276 491 433 563 explorate,
453 498 483 549 et
501 494 599 549 nostro
618 490 714 562 potius
735 509 819 564 quem
839 501 979 552 veterum
997 494 1103 554 iudicio

105 568 145 628 ad
163 584 261 626 verum
280 582 455 626 revocemus.

531 725 670 833 xoris

183 874 294 934 Eadem
313 872 428 933 fortune
447 872 648 944 conquerenda
666 872 748 931 nobis
770 874 863 931 estin
884 875 938 946 iis,
971 891 1043 946 quae
1063 875 1101 933 ad

104 951 322 1010 celeberrimum
336 952 436 1005 ebdom
448 948 609 1007 Aristarchi
621 949 775 1020 pertinent.
802 950 855 1008 Illo
866 951 944 1008 enim
959 958 1099 1009 armatum

105 1044 172 1086 eum
186 1028 365 1086 severissime
384 1026 507 1084 omnium
526 1041 643 1083 munere
653 1041 733 1083 suec
746 1027 817 1084 entis
831 1024 970 1098 functum,
991 1028 1099 1099 talique

103 1104 188 1177 signo
208 1120 290 1162 susum
311 1119 375 1162 esse
397 1102 433 1160 ad
453 1117 553 1160 sersus
572 1107 676 1175 poetae
697 1101 849 1173 splendore
864 1103 1008 1175 indignos,
1030 1105 1099 1176 sive,

103 1187 138 1238 ut
165 1181 232 1240 olim
256 1180 458 1252 loquebantur,
483 1173 770 1254 παρεμβεβληρένονς
789 1176 1010 1251 confodiendos,
1037 1180 1099 1237 nni-

102 1272 189 1315 versa
208 1257 363 1328 antiquitas
382 1260 515 1313 testatur.
554 1254 650 1326 Atque
670 1255 691 1310 ii
704 1254 820 1326 quidem
833 1261 964 1314 veterum
979 1256 1099 1328 scripto·

103 1349 177 1406 rum,
197 1334 246 1404 qui
266 1333 339 1390 hunc
351 1348 413 1389 rem
425 1331 522 1405 peullo
537 1332 683 1402 attingunt
695 1330 871 1403 diligentius,
892 1348 950 1390 non
964 1332 1098 1404 ambigue

102 1407 272 1482 significent,
292 1408 405 1467 obelum
421 1407 457 1465 ab
470 1405 638 1465 Aristarcho
653 1409 742 1477 primo
764 1407 801 1465 ad
823 1408 1000 1466 notationem
1013 1409 1095 1466 istius

102 1487 218 1558 generis
232 1482 428 1554 adhibitumll)
438 1501 445 1554 ;
457 1483 514 1540 nisi
526 1480 600 1541 forte
610 1488 705 1555 putes,
719 1483 826 1541 similes
841 1485 1021 1557 superiorum
1037 1484 1097 1544 Ori-

102 1562 225 1621 ticorum
248 1567 332 1619 notas
357 1559 524 1618 obscuratas
550 1565 580 1616 et
607 1559 788 1617 oblitteratas
810 1575 873 1618 esse
892 1560 1096 1619 Aristarcheis.
1115 1572 1154 1613 toa

102 1638 188 1710 Quod
207 1643 240 1695 ut
256 1635 390 1694 facillime
410 1634 544 1706 concedo,
563 1651 601 1692 ne
619 1636 717 1708 inepte
734 1636 868 1708 pertinax
887 1638 940 1695 sim
957 1637 988 1694 in
1001 1653 1034 1694 re
1047 1637 1096 1696 ob·

102 1730 197 1782 scura,
216 1715 259 1772 ita
282 1713 397 1771 minime
418 1711 605 1770 dubitandum
626 1712 759 1783 arbitror,
780 1713 848 1784 quin
868 1713 945 1771 obeli
965 1711 1096 1785 frequen-

102 1791 231 1849 tissimus
253 1796 282 1848 et
300 1789 448 1848 technicus
469 1805 537 1846 usus
558 1789 724 1848 auctoritati
744 1788 907 1847 Aristarchi
927 1790 1096 1848 tribuendus

102 1867 151 1924 sit
190 1867 266 1925 Nam
278 1867 334 1924 etsi
347 1873 377 1923 et
390 1865 554 1927 Zenodotus
568 1865 819 1936 et‘Aristophanes
832 1867 948 1939 saepius
962 1866 1096 1924 dicuntur

103 1942 212 2012 aliquid
232 1939 382 2020 ἀθετῆσαι,
403 1947 434 1999 et
451 1942 532 2015 prior
552 1941 638 1998 etiam
658 1939 804 2000 infamiam
822 1942 890 2000 inde
911 1944 988 2014 cepit
1008 1943 1096 2000 maxi·

101 2034 187 2088 mom,
204 2017 307 2075 borum
322 2023 418 2076 temen
439 2019 534 2075 neutri
546 2016 617 2074 illud
631 2019 743 2088 signum
756 2015 927 2095 ἀόετῇσεως
940 2019 1025 2089 plene
1046 2019 1096 2075 tri-

101 2094 202 2154 buitur
227 2093 264 2152 ab
283 2095 342 2152 ullo
362 2095 516 2167 scriptore,
542 2099 661 2164 excepto
687 2109 742 2151 uno
773 2093 848 2164 loco,
874 2109 958 2164 quem
977 2100 1096 2166 propter

102 2171 189 2228 aliam
210 2185 322 2241 quoque
344 2186 459 2228 causam
478 2185 530 2241 pro
543 2169 681 2227 mendoso
694 2168 787 2227 habeo
797 2168 843 2240 38).
869 2169 901 2226 In
915 2170 1014 2242 primis
1028 2187 1095 2230 vero

204 2342 246 2404 Ὡς
264 2343 291 2395 δ’
311 2345 358 2396 ὅτε
376 2346 431 2413 πῦρ
449 2343 494 2394 ἐπὶ
510 2343 608 2394 πόντον
627 2344 777 2411 ἀριπρεπές
794 2343 885 2412 αἰθέρ’
906 2341 1000 2413 ἵκηται.

101 2413 147 2466 Ito
165 2415 249 2480 ἱρπσνη
267 2410 341 2464 dedit
357 2427 407 2479 pro
423 2415 495 2475 temo
504 2430 512 2472 t
532 2417 559 2462 et
577 2409 699 2477 quisnon
712 2425 772 2463 eum
784 2411 979 2478 ineptissimum
992 2412 1102 2480 diceret,

101 2481 159 2549 qui,
179 2480 201 2534 si
217 2480 262 2533 hic
279 2495 372 2533 versus
390 2480 470 2546 vulgo
489 2478 575 2531 lectus
593 2484 671 2545 esset,
691 2479 724 2531 ab
743 2479 855 2545 antiquo
867 2477 949 2532 fictus
960 2480 1102 2548 rhapsodo,

101 2549 227 2615 alterum,
245 2547 291 2615 qui
308 2563 379 2602 nunc
396 2547 502 2614 legitur,
526 2545 603 2599 nobis
620 2544 749 2599 offerret?
775 2545 879 2600 Griseos
900 2547 951 2601 hoc
969 2547 1102 2614 specimen

51 2626 53 2631 '
101 2615 151 2684 sit,
176 2615 247 2684 quod
265 2615 361 2669 doceet
379 2615 470 2681 simul,
512 2630 573 2667 uam
590 2628 715 2667 reserens
733 2613 777 2666 ille
801 2613 883 2668 iurarit
905 2615 1025 2669 codicum
1043 2631 1102 2670 suo·

100 2690 170 2752 rdm,
189 2699 270 2751 quem
286 2683 420 2737 interdum
437 2630 512 2735 hang
521 2681 589 2735 lenis
600 2688 746 2735 corrector.

171 2769 207 2832 ³⁷)
224 2768 265 2822 Ne
282 2774 402 2838 repetem
419 2767 510 2835 peullo
528 2774 590 2820 ente
606 2773 783 2837 memoratos,
806 2768 926 2822 sufficiat
947 2769 999 2823 duo
1019 2776 1102 2823 testes

100 2836 176 2902 dare,
195 2836 325 2890 Galenum
342 2836 370 2888 in
386 2835 441 2903 Hip
462 2851 517 2889 oor.
533 2835 567 2888 de
585 2834 646 2888 Nat.
659 2835 720 2889 bom
741 2841 764 2889 2.
780 2837 810 2888 T.
823 2835 855 2888 V.
872 2853 898 2903 p.
920 2837 959 2892 lt.
978 2834 1100 2905 Σημεῖσν,

100 2903 118 2955 ὃ
138 2903 266 2956 καλοῦσιν
286 2904 398 2970 ὀβελόν,
424 2851 470 2972 oga
496 2904 600 2973 σημείῳ
617 2903 662 2954 καὶ
678 2903 852 2988 Ἀρίσταρχος
869 2905 1013 2974 ἐχρήσατο
1031 2905 1102 2974 πρὸς

100 2972 180 3032 τοὺς
210 2972 518 3035 ὑποπτευομένους
548 2972 604 3023 ὑπ’
633 2970 740 3023 αὐτοῦ
763 2989 917 3043 στιχοος,
953 2971 1100 3026 Lucianum

98 3055 152 3160 {irtio
168 3039 270 3107 Imagg.
289 3044 330 3093 24.
349 3038 379 3092 T.
397 3039 432 3092 II.
451 3055 477 3106 p.
495 3043 555 3093 504.
586 3037 613 3090 ‘O
631 3039 669 3090 τὰ
688 3039 771 3116 νόθα
790 3041 1028 3109 ἐπισημηνάμενος
1044 3044 1099 3092 τῶν

135 3111 174 3159 ῶν
197 3116 233 3179 τῃ·
257 3112 428 3177 παραγραφῇ
451 3113 507 3158 τῶν
531 3110 546 3158 ό
570 3106 646 3158 elur.
681 3106 734 3160 H1c
756 3123 790 3161 ne
816 3108 975 3161 nominatim
994 3108 1100 3175 quidem

99 3175 263 3243 appellatur,
275 3175 327 3255 ,qui
344 3175 411 3254 illud
428 3174 541 3253 fecerint:¹
556 3174 622 3253 adeo
640 3173 752 3253 iuitres
771 3175 902 3254 celebris,
927 3174 1101 3253 Ceterumldc

97 3242 465 3366 {ffiasstsisesslglbfflie
483 3248 587 3363 llll}
604 3243 932 3378 όσῗέξζῗῗῗῖιῗῖἶῗζῗ
954 3249 1017 3310 p...
1034 3242 1101 3296 “¹¹⁰³

168 3396 205 3462 ⁸⁸)
221 3397 254 3449 In
270 3397 325 3450 Fra
371 3394 585 3462 ‚Annotetionis
602 3395 755 3462 praeposito
767 3395 830 3447 olim
843 3393 931 3448 codici
943 3393 1018 3462 Ven,
1028 3396 1100 3463 quod

98 3462 201 3517 editum
220 3467 307 3519 estin
347 3463 392 3518 ibl.
411 3463 546 3530 Goetting,
563 3470 628 3518 vett.
640 3462 690 3516 litt.
703 3463 724 3515 I.
743 3478 770 3529 p.
782 3466 823 3517 69.
857 3458 906 3514 Τὸν
930 3463 1027 3529 ὀβελόν
1040 3463 1100 3515 ἐλαί-
