2482 3960
562 312 739 366 -106-

150 459 260 517 servari
279 457 417 530 audisset,
438 458 552 518 codices
572 462 799 532 comparaverat,
818 472 962 530 persaepe
982 457 1014 515 in
1028 458 1152 518 maxima

150 533 318 593 difficultate
338 533 492 607 iudicandi,
513 534 583 606 quid
602 551 701 594 verum
715 539 794 593 esset
808 539 838 592 et
851 535 1020 607 genuinum,
1041 535 1149 594 nullum

149 610 264 670 videtur
275 609 411 670 habuisse
421 611 598 684 praesidium
611 612 771 685 promptius
785 610 945 682 meliusque
956 611 1078 684 ingenio
1089 628 1148 672 suo.

225 687 345 746 Penitus
364 686 412 746 hic
428 687 510 746 nobis
528 687 657 747 tollenda
679 693 725 746 est
737 687 843 761 opinio,
864 702 921 758 qua
934 685 1063 747 Griticos
1075 688 1150 747 illius

149 764 255 823 aetatis
274 763 312 822 ad
331 764 406 822 hanc
423 780 515 824 novae
535 765 606 822 artis
626 763 778 824 formulam
802 761 944 836 fingimus.
983 765 1034 823 Ne
1054 764 1146 838 ipsum

149 839 264 912 quidem
283 840 481 899 Aristarchum
502 857 538 899 ex
549 841 605 899 hac
617 839 740 900 formula
752 839 937 898 iudicandum
951 855 1029 913 esse,
1050 841 1146 914 paullo

148 933 214 976 mox
233 916 444 976 demonstrabo.
483 918 624 976 Nimirum
644 918 767 990 primum
786 918 858 975 artis
871 918 1039 989 ingressum
1049 933 1151 990 vagum

147 994 178 1051 in
196 993 296 1066 primis
311 1001 341 1052 et
352 995 538 1052 temerarium
551 991 640 1052 fuisse
653 994 825 1066 reperimus,
846 993 906 1052 sive
919 993 1076 1052 materiem
1090 994 1149 1053 cius

147 1070 178 1127 in
197 1070 322 1142 antiquis
342 1067 509 1148 διαφωνίαις
527 1070 738 1143 rhapsodorum
758 1075 788 1128 et
808 1069 949 1139 codicum,
969 1085 1026 1128 seu
1046 1069 1150 1130 Gracci

147 1147 257 1218 ingenii
276 1145 410 1218 indolem,
430 1163 482 1204 seu
500 1146 602 1206 horum
621 1152 783 1218 temporum
802 1145 1007 1219 conditionem,
1029 1162 1085 1206 seu
1097 1145 1144 1205 de-

147 1223 234 1293 nique
258 1223 337 1295 ipsas
361 1223 498 1295 reliquias
524 1224 596 1281 artis
616 1228 789 1297 spectemus.
828 1222 870 1282 Ut
888 1228 1146 1296 repraesentarent

148 1298 304 1356 Homerum
322 1296 379 1357 fide
398 1300 514 1371 integra
534 1304 564 1358 et
583 1316 635 1358 suo
647 1298 760 1369 habitu,
779 1297 953 1358 laborabant
961 1295 1065 1360 forsan
1077 1316 1144 1359 non·

147 1374 229 1446 nulli,
249 1379 385 1445 quantum
405 1380 553 1447 poterant3
574 1380 606 1434 at
625 1375 770 1434 debebant
787 1377 874 1433 otiam
895 1376 988 1448 magis
1002 1375 1147 1448 laborato,

147 1455 181 1508 ut
199 1466 340 1521 nusquam
359 1467 415 1510 non
428 1452 529 1509 similis
550 1453 594 1510 sui
615 1468 704 1524 seque
724 1451 829 1524 dignus
850 1457 1024 1525 appareret,
1051 1453 1147 1512 detra·

146 1527 248 1585 hendis
269 1542 357 1600 saepe
376 1529 473 1586 multis
487 1528 626 1600 versibus,
648 1527 718 1586 alibi
732 1527 867 1588 addendo
881 1529 986 1600 nitore,
1008 1528 1060 1588 ubi
1073 1529 1148 1588 nitor

146 1603 241 1662 nudus
262 1610 348 1663 esset.
388 1604 634 1675 Quemadmodum
653 1605 744 1677 igitur
763 1604 850 1664 hodie
872 1606 991 1677 elegans
1012 1605 1101 1666 homo
1120 1610 1148 1665 et

97 1690 134 1730 1⁷4
147 1680 323 1752 ingeniosus,
343 1680 395 1738 sed
415 1680 558 1740 abnormis
580 1679 721 1753 criticus,
746 1682 776 1738 in
796 1682 892 1755 prisco
911 1681 1029 1753 poetico
1049 1698 1148 1742 monu-

148 1761 245 1815 mento
263 1762 380 1816 nostrae
398 1757 514 1830 linguae
534 1764 708 1829 versarctur,
729 1757 806 1829 quod
826 1759 954 1816 lacerum
974 1755 1148 1833 fortercpc

147 1833 243 1902 risset,
264 1837 295 1890 et
314 1849 332 1890 a
350 1834 448 1892 multis
468 1833 623 1893 lectoribus
643 1835 673 1891 in
686 1835 816 1906 margine
830 1834 981 1906 variatum,
1002 1835 1048 1894 ita
1060 1833 1149 1895 fermo

148 1909 255 1982 primos
275 1910 340 1967 illos
360 1909 560 1969 emendatores
580 1911 611 1967 in
630 1910 809 1983 corrigendis
830 1916 860 1969 et
879 1910 1090 1971 concinnandis
1104 1927 1151 1971 va·

148 1983 225 2043 tibus
245 1985 305 2043 suis
325 2002 443 2058 oporam
461 2001 584 2045 navasse
604 1986 754 2046 contendo.
792 1986 875 2046 Adeo
894 1988 981 2058 longe
995 1985 1152 2048 abfuerunt

147 2061 190 2120 illi
210 2061 247 2120 ab
266 2061 322 2120 hac
341 2064 512 2136 severitate,
538 2079 612 2134 quae
632 2070 733 2132 cavet,
758 2079 796 2121 ue
816 2063 886 2134 quid
906 2062 986 2121 aliud
1007 2079 1099 2135 quam
1117 2064 1151 2124 ab

148 2139 211 2211 ipso
236 2144 355 2198 auctore
386 2140 482 2213 operis
508 2140 646 2212 scriptum
678 2139 845 2198 inducatur:
871 2139 990 2198 tametsi
1014 2156 1055 2199 ne
1079 2156 1152 2200 nunc

149 2214 264 2286 quidem
288 2216 368 2273 illum
393 2218 541 2290 scopulum
566 2217 638 2274 satis
664 2214 793 2289 fugiunt,
819 2217 869 2288 qui
893 2216 1013 2288 ingenio
1042 2218 1150 2277 valent

148 2291 281 2362 Denique
300 2292 390 2351 omnis
414 2293 487 2351 hacc
512 2309 559 2351 ars
587 2289 719 2365 profecta
739 2298 784 2350 est
803 2293 900 2365 potius
920 2292 956 2351 ab
976 2293 1152 2368 aesthetico‚

149 2366 225 2438 quod
239 2372 383 2426 nostrates
395 2375 508 2441 vocant,
529 2385 614 2440 quam
628 2369 727 2428 critico
741 2368 858 2441 iudicio,
871 2369 926 2440 vel,
940 2372 973 2425 ut
985 2369 1030 2428 ita
1046 2371 1155 2444 dicam,

71 2468 74 2473 ·
149 2459 168 2501 a
192 2443 307 2516 poetica
331 2444 428 2516 potius
454 2462 538 2516 quam
562 2444 751 2518 diplomatica
770 2438 841 2507 iide.
885 2444 1011 2502 Praeter
1036 2447 1153 2520 reliqua

148 2519 233 2576 huius
253 2519 297 2576 rei
316 2526 494 2594 argumenta,
515 2537 590 2593 quae
611 2538 646 2580 ex
665 2523 799 2580 universo
824 2520 921 2581 libello
942 2526 1045 2582 nostro
1066 2522 1153 2584 facilc

150 2594 188 2653 ad
208 2593 366 2667 perfectam
385 2596 578 2656 inductionem
598 2597 695 2670 colligi
715 2603 869 2671 poterunt,
895 2599 960 2670 ipsa
979 2598 1053 2656 illuc
1075 2600 1154 2659 ducit

149 2671 234 2742 ratio,
256 2687 341 2742 quam
361 2674 407 2731 vel
426 2675 550 2746 optimos
570 2673 830 2734 Alexandrinorum
852 2676 881 2732 in
902 2672 1092 2736 emendando
1112 2692 1153 2737 se

151 2753 232 2806 cutos
253 2763 317 2806 csse
336 2748 506 2808 videbimus.

560 2962 743 3043 XXXIX.

227 3129 324 3202 Atque
349 3130 417 3202 hoc,
442 3132 582 3204 quidquid
601 3138 659 3206 est,
685 3133 771 3206 longe
791 3131 974 3192 manifestius
996 3135 1155 3196 ostendere

151 3204 262 3278 liceret,
281 3206 337 3285 nisi
357 3209 520 3279 antiquiora
538 3210 589 3268 illa
607 3209 796 3269 meditamina
816 3211 930 3268 critices
950 3225 1048 3283 prope
1062 3213 1158 3273 omnia

153 3308 356 3320 mun-

152 3373 261 3427 aFabr.
280 3373 347 3427 Bibl.
367 3373 412 3428 Gr.
430 3390 456 3442 p.
475 3377 533 3428 361.
568 3374 630 3429 Νοιι
655 3377 776 3445 γράφειν
802 3377 913 3432 dixisset
930 3376 1106 3450 Athenaeus,
1124 3393 1155 3433 ex

151 3454 225 3519 more
244 3440 482 3560 Gtrammaticorum
494 3441 665 3510 Graecorum,
684 3445 731 3498 scd
746 3446 883 3516 capsaci,
902 3446 925 3500 si
937 3445 1098 3504 emendatio
1116 3461 1155 3503 sc

153 3520 263 3562 cessrsse
278 3552 283 3562 .
