2482 3960
510 296 686 348 ..43-

99 444 178 502 leudi
199 451 228 502 et
240 460 356 516 prosam
369 443 520 514 condendi,
541 444 611 501 satis
625 444 682 501 iarn
696 442 832 515 expedita
844 442 932 501 fuerit
944 445 1096 516 scriptoria

100 538 148 579 ars
174 526 347 593 suppetente
372 521 455 592 copia
478 520 744 589 instrumentorum,
770 520 872 591 quibus
893 521 1013 578 adeam
1033 527 1096 579 ute-

99 603 202 655 rentur
214 598 276 655 sine
289 597 430 654 molestia.
457 596 524 654 Non
536 595 613 667 quod
626 598 655 653 in
668 597 725 654 ista
739 597 823 669 copia
835 597 924 654 ullam
937 599 993 655 vim
1006 596 1096 655 fuisse

99 679 214 746 putem,
240 679 273 730 ut
296 688 400 730 novum
419 688 509 750 genus
529 674 657 744 cogitata
671 672 824 743 eloquendi
843 681 1025 744 nasceretur3
1051 676 1097 731 uti

100 751 180 808 docti
200 749 324 820 quidam,
345 765 430 820 quum
450 750 593 821 poeticam
607 755 666 807 tam
680 755 792 807 mature
805 756 902 808 natam
915 751 1097 820 mirarentur,

99 842 204 897 neque,
225 841 276 883 cur
294 826 336 882 ita
355 824 461 901 factum
483 831 570 895 esset,
590 826 731 896 viderent,
752 841 867 883 causam
882 828 943 884 eius
957 827 1000 882 rei
1014 842 1098 898 prae-

100 903 215 974 cipuam
227 902 301 959 hanc
315 902 483 973 attulerunt,
497 902 573 973 quod
586 903 667 960 rudis
680 902 803 974 populus
819 909 903 960 acute
913 903 1098 978 praeviderit,

100 979 236 1036 eximium
253 979 430 1050 praesidium
443 979 598 1037 memoriae
612 977 673 1037 fore
686 979 716 1035 in
729 994 881 1036 numerosa
894 978 1091 1036 moderatione

72 1120 74 1124 ,
100 1071 247 1112 versuum:
273 1061 493 1113 verumtamen
517 1071 573 1112 non
597 1055 741 1125 intelligo,
767 1071 824 1125 qua
843 1056 960 1112 tandem
979 1055 1096 1112 ratione

101 1132 234 1202 cuiquam
247 1132 277 1188 in
289 1137 415 1188 mentem
429 1133 527 1190 venire
540 1131 669 1203 potuerit
682 1131 791 1201 aliquid
804 1133 965 1202 prosarium
985 1148 1098 1203 compo-

102 1223 180 1278 nere,
193 1207 250 1264 nisi
263 1207 348 1265 aliam
362 1208 522 1266 custodiam
535 1208 686 1279 compositi
696 1209 725 1264 in
735 1213 870 1280 promptu
880 1207 1002 1265 haberet
1011 1224 1096 1278 quarn

101 1284 267 1341 memoriam
281 1300 370 1342 suam.
392 1283 531 1342 Obruitur
545 1285 619 1342 enim
633 1285 778 1355 memoria,
792 1285 960 1354 animusque
973 1290 1096 1356 vagatur

103 1367 133 1418 et
153 1365 232 1417 errat
250 1361 280 1417 in
300 1361 355 1417 hac
373 1360 467 1418 libera
490 1362 703 1420 continuatione
723 1360 888 1432 verborum,
914 1376 988 1432 quae
1008 1361 1094 1417 nullis

103 1436 190 1494 certis
216 1437 342 1494 numeris
372 1435 513 1495 adstricta
539 1443 598 1508 est,
623 1437 708 1494 nullis
728 1437 807 1494 velut
826 1438 928 1509 spatiis
948 1437 1093 1506 distincta,

104 1511 207 1584 quibus
227 1513 320 1570 oratio
340 1513 439 1570 orbem
459 1530 541 1571 suum
561 1512 700 1572 conficiat.
730 1512 820 1584 Atqui
840 1529 925 1584 quum
946 1513 1100 1571 Homerica

104 1589 194 1646 dictio
213 1588 298 1660 longe
318 1589 460 1661 longeque
479 1589 600 1648 reducta
620 1591 659 1647 sit
678 1589 714 1647 ab
736 1605 770 1647 eo
791 1606 874 1660 sono,
901 1605 985 1660 quem
1005 1590 1034 1645 in
1053 1591 1096 1644 in-

104 1662 196 1722 fantia
216 1665 343 1736 gentium
363 1666 465 1723 horror
484 1671 631 1738 troporum
646 1671 676 1723 et
687 1666 842 1737 imaginum
856 1664 946 1736 inflat,
967 1672 1054 1736 atque
1068 1665 1097 1719 in

105 1740 200 1798 verbis
215 1746 245 1798 et
257 1742 448 1800 locutionibus
462 1744 606 1815 castigata
618 1742 780 1813 admodum,
801 1742 944 1812 aequabili
958 1757 1095 1798 verecun-

106 1817 200 1887 daque
223 1822 324 1875 tenore
350 1835 402 1877 suo
427 1820 509 1889 quasi
533 1820 722 1891 praenunciet
746 1818 912 1891 pedestrem
938 1818 1093 1876 dictionem

106 1893 235 1964 proxime
255 1899 426 1965 secuturam,
447 1911 532 1967 quam
551 1903 648 1954 tamen
668 1896 789 1967 amplius
809 1897 867 1953 tria
886 1896 1003 1952 saecula
1021 1910 1101 1951 ane·
1115 1895 1141 1933 ⁷2

105 1969 182 2026 mine
195 1975 335 2028 tentatam
348 1972 522 2042 reperimus:
542 1973 584 2029 ita
597 1988 662 2030 mea
674 1970 732 2029 fert
745 1972 850 2042 opinio,
871 1976 904 2027 ut
917 1987 973 2028 non
987 1972 1095 2027 cultum

107 2047 295 2117 ingeniorum,
315 2046 367 2104 sed
387 2048 445 2105 alia
464 2049 607 2119 quaedam
626 2049 805 2117 maximeque
819 2045 1017 2103 difficultatem
1031 2046 1102 2102 scri-

106 2121 195 2179 bendi
219 2122 344 2180 arbitrer
368 2124 398 2180 in
417 2140 498 2182 mora
516 2122 622 2195 fuisse,
647 2140 703 2194 quo
728 2123 820 2179 minus
846 2123 988 2193 poeticam
1013 2136 1099 2192 prosa

109 2198 274 2268 eloquentia
294 2205 353 2256 tam
367 2200 464 2270 celeri,
486 2217 571 2271 quam
584 2205 688 2257 natura
701 2197 801 2270 ferret,
821 2197 914 2270 gradu
927 2203 1104 2268 sequeretur.

187 2275 279 2345 Quam
298 2275 335 2333 ob
354 2291 416 2333 rem
436 2277 608 2349 scripturam
628 2282 742 2333 tentare
763 2280 793 2332 et
812 2275 953 2333 communi
972 2275 1036 2332 usui
1050 2290 1100 2345 ap-

108 2356 172 2407 tare
192 2351 279 2422 plane
297 2351 375 2410 idem
394 2351 509 2410 videtur
528 2351 626 2424 fuisse,
647 2358 733 2422 atque
753 2367 868 2423 prosam
888 2357 1002 2409 tentare
1022 2356 1052 2407 et
1071 2351 1101 2406 in

111 2442 146 2484 ea
159 2427 316 2485 excolenda
329 2443 360 2484 se
373 2444 490 2499 ponere.
510 2429 613 2500 Neque
624 2429 699 2486 enim
709 2435 769 2486 tum
780 2429 903 2500 primum
913 2428 1100 2484 nascebatur:

110 2503 224 2561 cultura
236 2504 321 2562 modo
335 2502 469 2562 defuerat
482 2512 512 2563 et
524 2503 711 2564 conformatio
724 2505 875 2576 quaedam,
896 2505 925 2560 in
937 2504 1025 2574 ligno,
1045 2518 1104 2559 me·

109 2579 198 2647 tellis,
216 2580 360 2652 lapidibus
380 2597 437 2639 non
456 2582 558 2640 melius
577 2582 737 2654 procedens
751 2598 836 2652 quam
849 2582 879 2637 in
892 2579 1026 2638 familiari
1040 2595 1102 2636 ser·

89 2663 208 2726 mone,
235 2657 265 2712 in
295 2657 438 2728 epistolis,
463 2659 493 2716 in
519 2659 710 2718 concionibus.
750 2658 796 2715 Ex
820 2674 875 2728 quo
895 2656 966 2714 illud
987 2671 1102 2727 quoque

109 2732 179 2789 mihi
202 2732 303 2790 videor
328 2733 447 2805 pulchre
472 2736 653 2807 perspicere,
679 2750 730 2791 cur
749 2750 832 2791 nemo
852 2739 982 2790 veterum
1003 2748 1052 2789 eos
1072 2732 1102 2786 in

111 2808 300 2880 scriptoribus
313 2825 418 2881 prosae
431 2817 571 2881 numeret,
585 2812 634 2883 qui
647 2811 772 2868 nondum
785 2809 922 2881 portabili
934 2807 1057 2864 materia
1071 2805 1108 2862 ad

87 2930 90 2934 .
112 2883 294 2942 scribendum
314 2886 360 2942 usi
380 2892 471 2958 erant,
491 2889 534 2943 uti
554 2889 616 2960 ipse
631 2887 718 2945 Solon
737 2887 767 2941 in
786 2885 899 2956 legibus
913 2885 981 2940 suis.
1012 2882 1107 2938 Multo

111 2960 207 3018 minus
228 2962 257 3018 in
277 2962 353 3019 hunc
372 2979 521 3020 numerum
542 2964 655 3021 admitti
674 2962 769 3034 potuit
787 2961 970 3033 Hipparchus
989 2964 1109 3031 propter

111 3037 214 3094 breves
234 3039 392 3096 sententias
414 3045 443 3096 et
461 3045 618 3112 praecepta
630 3055 749 3109 morum,
770 3038 882 3109 quaeis
897 3039 933 3096 70
946 3034 1007 3094 fere
1022 3035 1106 3092 annis

112 3117 179 3185 post
204 3112 336 3172 Solonem
360 3115 483 3187 publicis
507 3116 697 3174 monumentis
721 3112 909 3186 insculpenda
939 3109 1103 3180 curavitb).

113 3234 320 3249 ὴ

199 3295 236 3360 ³⁶)
258 3294 324 3348 Noti
337 3292 502 3363 Ἱππάρχειοι
515 3291 614 3361 Ἑρμαῖ
633 3291 696 3346 olim
715 3291 821 3369 quidem
840 3305 854 3342 e
873 3288 1003 3366 comicis,
1018 3243 1108 3366 .};.⁰die

113 3363 142 3415 in
160 3363 263 3444 primis·
275 3379 309 3416 ex
326 3368 436 3415 auctore
454 3360 586 3415 Platonici
603 3360 672 3412 Dial.
692 3359 739 3427 qui
755 3355 1109 3476 HrpparclssrusNrrerscvrgbgtrzrx.

74 3521 76 3525 ¹
113 3428 587 3566 ffisfflfflgfflganse’ctetb
598 3427 875 3563 tngoertelargresgvisr
888 3466 1001 3545 Athenis
1018 3491 1108 3558 legere
