2482 3960
482 309 659 362 ...65-

70 458 150 515 clare
168 454 297 527 tradunt,
318 456 491 528 compositos
512 472 531 513 a
549 454 703 528 rhapsodis
725 472 789 514 csse
808 457 946 529 Hymnus,
968 455 1070 528 quibus
1084 469 1122 508 ror

68 532 191 592 sollenni
209 532 376 590 recitationi
388 533 607 591 Homericorum
629 538 659 591 et
678 534 799 591 aliorum
810 533 974 592 carminum
987 548 1072 605 prae-

67 609 212 668 luderent
256 609 359 680 Itaque
389 610 552 682 posteriore
576 610 607 666 in
631 609 731 681 primis
752 615 871 668 auctore
895 607 987 668 fretus
1013 610 1070 667 iem

66 687 135 745 olim
161 684 383 744 Hemsterhusio
409 685 483 743 duce
510 685 634 757 conieci,
667 701 703 743 ex
729 685 836 744 talibus
861 687 1016 758 prooemiis
1042 691 1072 743 et

66 761 238 834 fragmentis
264 763 477 834 prooemiorum
503 760 578 818 hanc
601 767 731 820 nostram
751 760 926 835 farraginem
945 762 1071 834 Hymno·

64 855 132 896 rum
151 835 304 896 conflatam
324 853 398 911 esse,
418 838 520 896 addita
540 853 637 909 causa,
657 854 714 898 non
734 838 917 910 improbabili
936 838 1070 910 fortasse,

65 930 120 973 our
144 914 196 972 illa
215 915 321 972 sensim
346 931 411 973 cum
430 914 592 973 Homericis
615 913 794 973 Carminibus
823 914 942 974 confusa
961 914 1070 987 sintii).

65 990 148 1050 Nihil
169 991 253 1061 enim,
280 996 314 1049 ut
331 993 443 1064 opinor,
468 988 601 1049 interfuit
620 990 799 1050 theatrorum
818 992 948 1063 istorum,
973 992 1070 1063 explo-

64 1072 162 1126 ratum
180 1065 303 1138 habere,
330 1068 377 1126 oui
397 1067 524 1139 quidque
545 1066 699 1138 deberent,
727 1066 804 1138 quod
830 1068 932 1125 auditu
952 1066 1070 1138 dignum

66 1149 161 1202 esset:
179 1143 440 1202 Alexandrinorum
461 1148 559 1203 autam
579 1149 721 1215 tempore,
746 1159 866 1214 quorum
885 1144 1008 1201 maxime
1028 1144 1070 1199 in·

68 1217 179 1292 terimi,
199 1219 271 1278 nihil
291 1219 406 1278 videtur
426 1217 605 1294 superfuisse
625 1221 681 1278 nisi
701 1221 782 1278 varia
803 1224 833 1278 et
845 1221 969 1279 obscura
982 1218 1068 1292 fama,

64 1301 99 1354 ut
119 1294 156 1354 de
175 1301 220 1356 tot
239 1297 305 1354 aliis
325 1293 508 1365 ἀδεσπότοις,
534 1313 655 1368 quorum
675 1297 781 1369 partim
802 1297 860 1354 ianr
881 1296 957 1371 apud
977 1296 1069 1355 Hero-

64 1372 165 1432 dotum
185 1372 295 1432 mentio
314 1371 355 1431 fit.

142 1447 277 1520 Denique
302 1448 339 1506 de
365 1449 501 1508 sollennia
528 1450 681 1520 iustaeque
707 1450 887 1509 recitationis
907 1451 1020 1508 ratione
1040 1450 1070 1505 in

62 1523 189 1598 publicis
209 1524 397 1584 conventibus
419 1530 449 1583 et
469 1525 675 1584 certaminibus
696 1526 873 1598 paucissima
892 1531 967 1597 sunt,
994 1541 1120 1597 quaeror

64 1607 147 1660 certa
169 1617 267 1660 rerum
291 1599 348 1660 fide
379 1601 542 1660 tradantur.
590 1601 687 1660 Unum
713 1603 790 1659 inter
819 1618 917 1661 omnes
943 1607 1069 1673 constat,

63 1683 218 1749 utrumque
233 1693 302 1751 epos
316 1678 438 1737 Homeri
450 1678 564 1736 nonnisi
577 1679 777 1750 particulatim
790 1695 825 1737 ac
838 1677 952 1736 diverso
967 1677 1068 1736 ordine

63 1754 252 1813 decantatum
270 1770 344 1827 esse,
366 1760 396 1812 ct
409 1755 570 1826 particulae
583 1756 689 1827 cuique
704 1756 789 1827 vulgo
802 1756 951 1828 proprium
964 1769 1068 1813 nomen

62 1828 207 1902 fuissem).
240 1831 287 1890 Ea
304 1832 419 1890 nomina
439 1836 553 1889 exstant
571 1837 634 1890 tum
654 1831 733 1904 apud
745 1832 899 1891 Aelianum
915 1837 945 1889 et
962 1831 1068 1889 Eusta-

63 1907 157 1967 thinm
176 1908 207 1965 in
225 1907 376 1981 principiis
393 1907 626 1982 rhapsodiamm,
649 1913 710 1966 tum
729 1909 807 1981 apud
824 1909 896 1970 alios
911 1908 1067 1979 scriptores

63 1984 316 2057 quamplurimos,
337 1984 386 2055 qui
406 1985 513 2056 passim
533 1985 691 2043 Homerica
710 1985 775 2044 loca
795 1984 831 2043 ad
852 1985 932 2042 illum
952 1983 1068 2041 modurn

63 2060 201 2119 excitant.
241 2060 300 2118 Sed
329 2076 382 2119 eae
406 2065 506 2133 partes
533 2061 569 2119 ab
591 2061 674 2119 initio
696 2059 757 2117 fere
777 2061 922 2132 longiores
943 2057 1068 2129 filerunt,

63 2151 170 2209 neque,
183 2142 216 2194 ut
230 2152 266 2195 ex
277 2136 433 2196 Eustathio
447 2136 576 2208 colligas,
591 2153 657 2194 cum
670 2135 860 2194 Aristarchea
874 2134 1068 2206 descriptione

60 2213 202 2271 librorum
222 2219 425 2284 congruentes.
455 2212 502 2271 lta
520 2210 639 2269 Ἀλκίνου
662 2209 806 2288 ἀπόλογος
824 2211 864 2269 IV
877 2211 962 2269 velV
978 2209 1068 2268 libros

63 2289 213 2361 Odysseae
223 2289 469 2361 complectebatur
475 2288 512 2361 81)
522 2307 530 2360 ;
551 2288 627 2360 quod
639 2304 760 2361 pensum
770 2288 800 2345 in
813 2304 871 2346 una
885 2287 1068 2346 sollennitate

62 2446 173 2501 factum.
208 2445 378 2514 Comparatio
396 2446 476 2515 illius,
494 2448 536 2501 uti
548 2447 677 2517 Lyrioum
695 2445 817 2508 decebat,
835 2445 917 2500 ducta
935 2450 977 2498 est
994 2459 1068 2512 age-

61 2528 129 2568 nore
150 2514 266 2568 maxIme
289 2515 404 2583 illustri,
427 2515 444 2568 i.
463 2530 520 2569 aa
544 2531 618 2570 more
639 2515 873 2570 celeberrimorum
891 2513 1022 2567 festorum
1040 2517 1068 2565 et

62 2582 171 2650 πάνηγύ
191 2599 254 2638 εον.
289 2583 415 2638 Ceterum
432 2588 463 2636 nt
481 2583 614 2637 Pindarus
634 2584 700 2637 dicit
717 2583 899 2652 προοίμιον
919 2581 1010 2646 Διός,
1030 2580 1068 2633 sic

61 2649 158 2718 Thucy
178 2649 235 2704 'des
252 2649 304 2716 111,
325 2654 381 2704 104.
394 2656 500 2718 partem
514 2653 631 2707 maiores
643 2651 744 2720 Hymni
755 2648 881 2717 inApoll.
895 2649 944 2703 sub
956 2647 1068 2703 Homeri

61 2716 170 2771 nomine
186 2717 308 2786 landam,
332 2724 412 2773 vocat
430 2737 449 2770 π
482 2719 617 2783 οοίμιον
637 2719 810 2778 tinctiones:
843 2733 896 2785 quo
914 2717 1022 2770 nomine
1040 2722 1068 2768 et

62 2784 110 2839 alii
126 2785 249 2854 plerique
266 2791 381 2840 utuntur
398 2786 431 2840 de
477 2787 571 2856 ymnis.
602 2785 880 2855 Quippevocabulum
893 2783 1068 2862 derbelotius

61 2858 156 2974 galtet,
180 2859 208 2906 et
231 2868 313 2922 saepe
332 2869 410 2908 omne
428 2869 513 2922 genus
532 2857 607 2908 ἐπῶν
627 2853 824 2922 complectitur.
859 2850 937 2905 Unde
956 2851 1022 2904 rllud
1038 2851 1067 2902 in

101 2934 116 2974 e
133 2920 215 2975 trium
232 2920 407 2990 Hymnorum,
424 2922 596 2977 manifestum
614 2923 693 2977 istius
710 2922 792 2975 moris
810 2918 879 2972 vesti
900 2918 968 2971 'umt

161 2984 216 3040 Σοῦ
233 2989 257 3041 δ’
274 2990 329 3058 ἐγὼ
346 2988 500 3059 ἀρξάμενος
516 2991 711 3061 μεταβήσομαι
728 2987 808 3041 ἄλλον
827 2987 856 3046 ἐς
889 3005 965 3050 μνον.

132 3075 168 3142 ⁷⁹)
185 3073 230 3128 Ad
245 3074 357 3129 Hesiodi
375 3075 477 3144 Theog.
495 3093 522 3144 p.
542 3081 583 3132 60.
603 3077 678 3132 (loni,
695 3072 844 3130 Mitscherl.
863 3071 899 3125 ad
916 3070 950 3124 Η.
968 3070 997 3122 in
1008 3066 1067 3121 Ger.

60 3159 89 3211 p.
101 3146 159 3197 101.
177 3147 206 3196 et
218 3141 362 3198 Groddeck
374 3142 522 3198 Commeat
537 3145 571 3199 de
583 3145 752 3214 Hymnorum
764 3142 842 3195 Hom.
854 3137 974 3207 reliquiIs
985 3152 1012 3204 p.
1025 3138 1067 3188 21.

85 3223 95 3231 ”
133 3227 278 3294 ⁸⁰)1nstar
305 3228 423 3282 omnium
450 3229 528 3284 nobis
555 3237 597 3284 est
621 3229 772 3284 auctoritas
794 3224 894 3280 veteris
920 3219 1066 3288 scriptoris,

62 3310 145 3365 quem
163 3296 298 3363 excerpsit
315 3295 419 3350 Aelian.
435 3296 468 3354 V.
486 3298 521 3352 H.
539 3298 616 3366 XIII,
639 3302 678 3353 14.

132 3380 169 3450 81)
196 3380 271 3435 (loni.
294 3385 369 3435 recte
393 3385 545 3436 monentem
563 3380 744 3448 Twiningium
761 3378 789 3431 in
806 3376 885 3431 Notis
901 3370 937 3426 ad
953 3371 1066 3424 Aristot.

61 3449 139 3503 Poet.
158 3464 186 3517 p.
204 3451 263 3504 365.
299 3447 378 3504 eddo
397 3448 559 3502 simillimum
577 3449 732 3516 exemplum
749 3441 933 3513 ap.Herodot.
944 3439 981 3508 ll,
1001 3441 1067 3518 llss,

61 3515 111 3570 ubi
126 3515 158 3570 Il.
178 3517 200 3577 ζ.
218 3519 339 3585 isaaco.
357 3515 502 3572 laudantur
520 3531 555 3570 ex
571 3517 720 3586 Διομήδους
738 3511 872 3582 ἀριστείᾳ,
890 3523 943 3578 quo
960 3521 1067 3561 nomme

89 3610 179 3662 Wolf,
191 3611 360 3662 Prolossomena.
901 3605 914 3645 ⁸
