2482 3960
524 317 628 387 ...gg
665 343 700 352 ..

109 469 267 526 revertenti
281 467 415 526 comitem
428 461 571 534 dederint,
591 465 640 534 qui
654 481 690 523 ea
702 470 816 525 teneret
830 470 860 523 et
874 471 1000 527 caneret.
1034 467 1109 526 Nam

109 544 186 616 quod
206 544 379 603 Plutarchus
399 538 477 614 apud
497 539 577 598 illam
597 539 735 600 familiam
755 543 862 601 litteris
882 542 1020 601 mandata
1041 548 1071 602 et
1091 561 1108 602 a

109 621 245 693 Lycurgo
265 619 412 692 descripta
431 621 548 684 narrat,
580 616 610 673 id
637 634 694 677 non
719 620 811 692 magis
832 617 870 676 ad
889 635 951 676 rem
970 621 1107 693 pertinet,

109 714 196 769 quam
214 697 318 755 addita
337 696 420 766 ratio,
442 708 493 750 cur
511 692 662 765 legislator
682 711 718 754 ea
737 697 767 753 in
788 695 933 754 civitatem
954 712 1035 755 suam
1055 697 1109 755 im-

107 773 254 846 portanda
274 771 425 831 curaverit.
464 768 584 826 Addunt
609 771 680 829 talia
704 772 836 831 historici
856 787 891 829 ex
910 773 1026 845 ingenio
1046 789 1108 845 suo,

109 865 147 907 ne
167 865 214 908 res
235 850 311 908 nude
332 853 361 906 et
381 847 494 905 exiliter
513 862 633 904 narrare
654 847 814 907 videantur.
848 847 891 905 Ac
910 864 946 906 ne
961 848 1032 906 illud
1047 851 1108 921 qui·

107 926 175 983 dem
194 927 315 985 Aeliano
342 923 528 993 crediderim,
555 924 617 994 (qui
643 925 717 982 enirn
744 927 769 983 is
797 926 871 984 scire
896 926 1023 998 potuit‘l)
1050 927 1107 984 iam

107 1002 242 1075 Lycurgo
256 1003 372 1075 cognita
390 999 480 1058 fuisse
500 999 696 1072 haecomnia,
718 1018 753 1060 ex
773 1002 877 1073 quibus
897 1002 1019 1073 posthac
1038 1003 1106 1060 Ilias

107 1085 139 1136 et
158 1079 290 1152 Odyssea
308 1078 488 1137 constabant.
523 1076 619 1146 Quare
640 1076 770 1149 abiectis,
791 1094 865 1149 quae
879 1076 976 1136 afficte
989 1084 1056 1136 sunt
1070 1079 1107 1136 ad

106 1155 261 1228 mythicam
281 1154 394 1226 famam,
414 1154 469 1212 hoc
489 1152 581 1209 solum
594 1152 702 1210 nudum
715 1155 896 1226 relinquitur,
917 1159 985 1213 ante
998 1153 1107 1226 Lycur-

107 1248 176 1303 gum
196 1233 346 1305 Spartanis
367 1236 479 1289 tantum
499 1245 606 1301 paucas
627 1229 799 1303 rhapsodias
819 1231 987 1302 innotuisse,
1007 1233 1105 1304 plures

108 1310 285 1380 temporibus
305 1309 382 1365 illias
402 1307 448 1364 vel
468 1305 559 1378 ipsius
580 1321 649 1363 cura
669 1307 793 1379 additas,
814 1313 986 1381 poetamque
1001 1307 1106 1366 deiude
1120 1320 1165 1363 140·

111 1385 170 1443 illic
190 1401 304 1458 semper
323 1385 352 1440 in
372 1383 495 1441 maximo
514 1383 623 1440 honore
643 1380 770 1456 fuissei).

186 1461 244 1520 Per
269 1462 327 1518 tria
351 1460 482 1533 proxima
506 1457 676 1532 aLycurgo
703 1461 819 1520 saecula
845 1462 915 1519 nihil
935 1467 1049 1520 constat
1068 1462 1105 1520 de

106 1537 151 1595 his
174 1537 362 1608 Carminibus,
383 1536 438 1593 uisi
459 1535 535 1606 quod
555 1535 737 1608 arhapsodis
750 1539 944 1611 particulatim
958 1538 1105 1610 divulgata

105 1619 182 1686 snut,
204 1630 261 1686 qua
281 1614 318 1672 de
337 1629 370 1670 re
390 1628 479 1684 supra
499 1610 630 1668 diximus.
670 1613 772 1684 Itaque
792 1630 827 1671 ea
842 1615 930 1672 etiam
943 1620 1011 1672 ante
1025 1615 1104 1674 Solo-

105 1706 172 1748 nem
189 1691 308 1748 recitari
328 1705 436 1749 morem
456 1686 554 1759 fuisse,
575 1688 621 1744 vol
640 1688 702 1745 sine
716 1690 880 1750 testimonio
894 1691 1000 1748 veteris
1015 1692 1104 1764 scrip-

107 1768 179 1825 toris
200 1765 376 1836 crederes4).
411 1764 493 1836 Quod
514 1770 611 1822 autem
631 1780 649 1821 a
669 1765 772 1825 Solone
792 1773 928 1827 novatum
949 1762 1054 1825 dicitur
1073 1769 1103 1824 in

104 1844 290 1916 recitatione,
318 1840 351 1898 τὸ
371 1837 408 1909 ἐξ
425 1839 566 1919 ὑποβολῆς
582 1837 801 1918 ῥαψῳδεῖσθαι,
829 1843 970 1902 eiusmodi
990 1849 1050 1915 est,
1071 1852 1104 1901 ut

107 1935 173 1976 cum
192 1919 352 1992 rhapsodos
372 1935 428 1977 non
448 1919 570 1990 primum
590 1918 755 1976 invitavisse
769 1920 907 1986 Athenas,
928 1919 980 1978 sed
993 1920 1023 1977 in
1036 1936 1102 1978 000-

107 1996 261 2054 suetudine
282 2012 380 2054 eorum
401 1994 510 2065 aliquid
530 1995 686 2051 mutavisse
706 2003 855 2066 appareat.
888 1997 950 2053 Iam
964 2011 1039 2066 quae
1052 1996 1101 2054 illa

106 2070 195 2130 inerit
214 2073 335 2131 mutatio
357 2078 386 2128 et
405 2071 557 2140 institutio,
578 2071 701 2141 positum
723 2072 817 2128 estin
837 2073 1003 2130 coniectura
1016 2088 1101 2143 prop-

105 2155 153 2205 ter
180 2149 350 2206 brevitatem
376 2147 515 2218 Diogenis
541 2146 661 2203 Laertii.
701 2147 775 2203 Nam
809 2149 833 2204 si
858 2145 932 2205 forte
958 2153 1044 2204 antea
1071 2149 1101 2204 in

104 2224 228 2296 publicis
249 2224 423 2284 sollennibus
443 2239 515 2279 unus
535 2221 620 2279 modo
639 2221 800 2293 rhapsodus
821 2239 924 2281 canere
938 2232 1100 2294 consuerat,
1114 2245 1151 2284 141

105 2300 194 2359 Solon
214 2300 402 2373 conyocandis
423 2299 562 2372 pluribus,
589 2298 638 2368 qui
652 2314 682 2354 se
696 2299 817 2358 invicem
831 2300 998 2372 excipiendo
1011 2300 1099 2360 maio-

106 2393 169 2434 rem
188 2393 336 2435 numerum
350 2376 569 2448 rhapsodiarum
584 2380 729 2446 canerent,
749 2393 852 2434 novum
861 2377 905 2433 rei
918 2376 1099 2449 splendorem

102 2452 251 2512 addidisse
271 2454 363 2512 videri
384 2458 479 2524 queat.
513 2451 570 2509 Sed
584 2451 650 2509 huic
662 2452 769 2510 rationi
781 2470 883 2526 parum
896 2454 1000 2512 tribuo.
1034 2453 1100 2512 Non

106 2531 181 2588 enim
202 2531 232 2588 in
251 2531 302 2587 illa
321 2529 505 2588 memorabile
525 2529 657 2585 meritum
678 2545 769 2587 novae
789 2531 977 2588 institutionis
996 2531 1099 2587 intelli-

105 2606 193 2678 gitur,
218 2623 272 2664 uec
291 2607 380 2664 verba
393 2606 540 2677 Diogenis,
560 2606 615 2662 etsi
636 2621 723 2678 saepe
737 2606 932 2679 balbutientis,
953 2608 1021 2664 illuc
1034 2623 1099 2679 per-

168 2761 191 2828 3)
210 2759 278 2812 Plat.
297 2758 330 2812 dc
348 2759 432 2826 Legg.
450 2758 500 2812 lll.
519 2774 545 2824 p.
564 2761 620 2811 680.
635 2758 664 2811 G.
682 2758 752 2810 Plut.
764 2756 902 2825 Apophth.
914 2757 979 2811 Lac.
999 2773 1026 2824 p.
1039 2761 1097 2810 223.

100 2827 134 2880 A.
152 2827 256 2881 Aeliam.
274 2826 306 2880 V.
326 2827 360 2880 H.
379 2826 455 2894 Xlll,
475 2831 515 2880 19.

169 2912 192 2975 4)
210 2911 375 2964 Dieuchidae
395 2927 436 2977 ap.
457 2911 534 2978 Diog.
548 2911 638 2964 Laert.
653 2911 674 2977 I,
694 2911 734 2964 57.
768 2905 805 2959 Τὰ
819 2907 934 2976 “θμ’ροο
953 2907 986 2966 ἐξ
1001 2908 1096 2973 baefia-

98 2979 148 3047 λῆς
170 2978 277 3098 ἔγιροαψε
320 2981 504 3049 αφῳὸεῖσθαι,
529 2977 586 3030 οἷον
606 2980 671 3030 ὅπου
690 2980 704 3029 ὁ
720 2981 828 3096 πῖὤτος
854 2926 963 3044 dimisa,
989 2977 1096 3029 ἐκεῖθεν

99 3043 192 3117 ἅρχεσ
212 3065 240 3098 αι
262 3049 308 3099 τὸν
334 3047 472 3117 ἐχόμενον,
508 3045 579 3099 Illud
597 3047 630 3106 ἐξ
647 3046 735 3111 emmo
752 3049 783 3113 ῆς
800 3044 871 3098 idem
890 3043 1015 3110 estquod
1032 3044 1096 3097 alibi

99 3114 134 3173 ἐξ
151 3115 317 3184 ὑπολήψεως,
336 3118 374 3165 ila
391 3126 419 3165 ut
438 3117 506 3166 alites
524 3116 572 3165 olii
588 3117 737 3173 succederet,
756 3132 808 3179 ceu,
834 3115 878 3164 rabi
895 3131 963 3163 anas
981 3114 1095 3163 desiisset

99 3200 206 3248 camere,
230 3186 296 3233 aiter
313 3183 386 3242 inde,
413 3183 479 3247 quod
502 3192 662 3248 sequeretur,
687 3185 881 3245 auspicantem
904 3181 989 3243 sieque
1016 3197 1096 3230 amum

98 3251 253 3301 Homericae
277 3257 379 3316 poiseus
406 3253 560 3309 coiq‘iarelar
589 3268 691 3314 corpas:
729 3264 798 3314 quae
816 3248 899 3302 verba
918 3253 980 3298 Sunt
997 3246 1096 3300 Leonis

97 3316 180 3370 Allat.
200 3317 233 3370 de
251 3318 340 3384 patria
359 3318 435 3370 Hom.
448 3334 470 3370 0.
489 3323 513 3370 5.
548 3317 588 3369 De
607 3332 635 3370 re
655 3317 723 3369 coni.
744 3316 849 3369 Fabrio.
862 3317 893 3368 B.
907 3315 937 3368 G.
957 3313 991 3379 ΙΙ,
1010 3317 1034 3379 2,
1055 3320 1095 3368 11.

98 3390 127 3436 et
144 3385 249 3453 Dresig.
268 3385 301 3438 de
319 3386 500 3452 Rhapsodisp
522 3389 571 3451 35,
590 3385 636 3451 qui
654 3384 728 3438 illum
745 3384 853 3436 refutat.
881 3381 1015 3449 Equidem
1033 3398 1096 3436 neu·

98 3451 167 3506 trius
189 3453 285 3506 horum
299 3453 469 3506 sententiam
491 3453 592 3519 probo,
621 3456 659 3519 (et
678 3468 723 3506 eos
742 3451 798 3519 iere
817 3450 902 3503 secuti
920 3455 982 3502 sunt
1000 3451 1097 3519 reliqui

97 3527 209 3588 omnes)
229 3520 383 3577 Fabricium
401 3526 525 3574 tamena
543 3536 606 3573 vero
624 3519 735 3586 propius
753 3519 847 3572 abesse
865 3533 976 3575 censeo.
