2482 3960
552 309 729 378 -170-

148 463 206 520 lam
225 461 339 519 videtur
358 461 517 520 condidisse
537 461 679 532 Pergami.
704 460 825 518 similem
845 459 1082 535 Aristarcheae‚
1107 479 1153 521 nec

149 540 241 597 minus
261 538 401 596 celebrem
422 538 569 611 discipulis
576 537 622 608 “l
661 538 736 595 Nam
756 543 788 594 ut
808 538 845 596 ab
859 537 1075 611 Aristophane
1094 546 1152 598 suut

100 628 137 668 sm
149 613 361 687 Aristophauei,
382 614 419 672 ab
438 614 605 673 Aristarcho
624 613 811 685 Aristarchei,
831 615 875 672 ita
899 613 1045 674 Cratetei
1064 617 1153 689 appel·

150 691 246 748 lentur
264 691 401 762 nonnulli,
432 691 535 762 quibus
556 698 586 748 et
605 691 674 763 ipsis
694 691 920 749 aemulationem
942 698 976 750 et
998 694 1153 751 certamina

150 767 309 839 reperimus
328 765 418 824 fuisse
437 784 501 826 cum
513 766 759 835 Aristarcheisttt.
788 766 954 837 Postquam
978 769 1063 826 enim
1075 785 1150 842 reges

151 844 328 902 animosiore.
336 843 432 901 studia
446 845 616 916 expulerant
629 861 664 901 ex
677 843 840 901 civitatibus
854 842 1060 917 Graecorum,
1079 861 1151 904 amor

152 921 362 979 contentionum
388 921 417 977 in
438 920 555 978 Scholas
574 920 731 978 Rhetorum
758 925 787 977 et
807 918 1085 979 Grammaticorum
1108 923 1151 979 mi·

152 997 255 1068 gravit,
277 1003 314 1067 et,
335 997 378 1053 uti
399 998 465 1055 olim
486 997 522 1054 de
541 998 704 1069 principatu
724 997 751 1052 in
771 995 946 1068 republica,
971 999 1021 1056 ita
1035 998 1150 1056 nuncde

153 1073 344 1145 grammaticis
376 1074 599 1144 quaestiunculis
629 1073 797 1145 gravissime
826 1073 905 1130 inter
931 1089 967 1131 se
998 1082 1148 1133 certarunt

151 1150 194 1207 Ac
213 1149 328 1207 videtur
347 1150 461 1219 quidem
477 1150 577 1208 Grates
591 1149 758 1207 Aristarcho
778 1165 881 1220 parum
903 1152 1041 1209 cessisse
1063 1153 1148 1210 existi

150 1226 276 1283 mationa
296 1226 467 1297 aequalium,
488 1228 595 1299 quippe
616 1227 664 1297 qui
684 1243 747 1284 cum
766 1227 815 1284 illo
829 1225 857 1281 in
871 1227 1061 1298 coryphaeis
1074 1229 1147 1286 huius

152 1302 222 1358 artis
242 1301 462 1372 numeretur⁶⁶)‚
482 1318 639 1373 novamque
660 1303 779 1373 gloriam
799 1301 916 1360 duxerit
937 1319 980 1360 ex
1004 1321 1055 1377 eo,
1084 1303 1147 1377 quod

153 1376 310 1435 doctrinam
331 1378 491 1435 litterarum
511 1380 620 1450 primus
640 1379 758 1450 pertulit
777 1378 815 1436 ad
834 1378 991 1438 Romanos
1000 1380 1051 1451 ⁶⁷).

228 1452 386 1510 Permirum
407 1460 461 1519 est,
481 1455 510 1511 in
529 1456 629 1527 paucis
649 1456 778 1526 reliquiis
803 1456 864 1512 eius
885 1456 964 1513 satis
990 1457 1146 1530 argumenti

154 1545 226 1602 esse,
240 1536 281 1600 ut,
295 1530 397 1600 quibus
411 1530 546 1588 derebus
561 1549 624 1589 cum
633 1532 799 1590 Aristarcho
811 1531 1014 1606 contenderit,
1030 1542 1063 1592 et
1072 1550 1146 1606 quan

102 1627 140 1667 nis
153 1612 212 1664 tum
234 1605 351 1665 inferior
370 1605 458 1665 inerit
477 1609 534 1678 illo,
554 1609 695 1680 suspicari
713 1609 807 1666 liceat.
841 1608 933 1666 Immo
949 1611 1068 1669 nullius
1081 1618 1146 1669 vete

153 1699 214 1739 rum
230 1681 400 1741 Criticorum
420 1685 564 1755 ingenium
584 1692 613 1742 et
628 1684 786 1743 doctrinam
803 1684 885 1743 nobis
899 1690 965 1743 tam
981 1687 1062 1745 bene
1074 1703 1147 1746 nosse

153 1759 295 1829 videmur,
316 1775 400 1829 quam
421 1759 546 1818 Cratetis
564 1762 657 1819 huius.
696 1760 739 1819 Ac
758 1762 879 1834 primum
900 1763 1045 1836 quidem,
1073 1781 1147 1837 quun

153 1835 335 1893 Aristarchus
349 1835 504 1894 Homerum
525 1838 562 1895 ad
576 1839 788 1910 simplicitatem
801 1839 967 1909 priscorum
981 1847 1148 1914 temporum,

153 1927 209 1969 non
221 1911 258 1968 ad
268 1927 355 1969 novas
364 1914 626 1985 opinionesternere
637 1913 755 1985 affictas,
766 1915 956 1985 interpretari
967 1916 1148 1988 instituisset

95 2034 100 2043 .
155 1985 256 2044 Crates
284 1987 396 2047 Stoicus
417 1990 526 2061 gloriae
545 1992 618 2048 vatis
637 1993 712 2048 male
732 1991 841 2048 consuli
860 1991 996 2062 putavit,
1024 1995 1086 2053 nisi
1103 1993 1149 2067 ipsi

155 2064 327 2135 multiplices
339 2073 416 2123 artes
426 2066 618 2138 Pergamenas
632 2068 772 2134 allineret,
787 2082 908 2136 eumque
921 2071 1150 2130 converteretiu

153 2139 368 2213 Philosophum,
386 2143 630 2215 Mathematicum‚
650 2144 859 2215 Astronomum‚
880 2142 1152 2222 Geographum,et

220 2306 255 2370 64)
279 2303 428 2370 Scripserat
451 2302 484 2356 de
511 2319 543 2355 ea
561 2303 730 2356 Ptolemaeus
746 2302 870 2355 Ascalon.
898 2303 926 2354 ἐν
954 2308 996 2373 τῷ
1027 2308 1152 2377 περὶτῆς

154 2367 318 2440 Κρατητείου
341 2373 472 2439 αἱρέσεως
500 2371 570 2423 laud.
593 2371 620 2423 in
643 2371 729 2425 Schol.
753 2370 788 2423 ad
808 2387 842 2438 γ..
860 2374 915 2423 155.
959 2372 1008 2425 Ad
1036 2377 1150 2431 eiusdem

153 2439 259 2492 scholae
283 2441 338 2492 sive
364 2445 451 2491 sectae
478 2440 664 2492 auctoritatem
682 2440 759 2492 unice
778 2438 865 2490 refero
884 2437 949 2497 τοὺς
968 2441 1000 2491 ἐκ
1024 2441 1152 2515 Περγά-

152 2524 217 2568 μου
235 2505 449 2574 Γραμματικούς,
477 2515 504 2559 et
522 2507 583 2565 τοὺς
607 2504 749 2574 Περγαμ
781 2508 858 2564 νοὸς
874 2506 990 2567 πίνακας
1013 2515 1152 2580 (catalogos

152 2575 313 2624 clausieornm
336 2577 498 2638 scriptorum)
525 2574 598 2640 apud
616 2575 724 2642 Dionys.
778 2575 811 2627 al.
830 2574 860 2626 T.
878 2572 910 2625 V.
929 2573 1033 2632 Reisk.
1054 2597 1084 2648 p.
1101 2584 1151 2635 630.

153 2644 219 2707 oei,
237 2641 283 2693 ubi
300 2641 422 2709 Sylburg.
440 2643 508 2695 male
526 2641 662 2709 cogitabat
680 2643 713 2695 de
730 2642 893 2695 Aristarcho.

220 2728 255 2776 ⁶⁵¹
280 2725 316 2779 Ut
333 2726 466 2780 Herodico
485 2727 576 2794 Babyl.
601 2728 636 2780 de
660 2743 712 2794 quo
731 2744 755 2780 v.
773 2728 843 2780 lons.
862 2727 886 2780 S.
905 2726 940 2779 H.
960 2728 991 2781 P.
1015 2731 1058 2798 Π,
1080 2734 1153 2801 tao

153 2793 221 2846 coni.
240 2793 336 2848 Scholl.
360 2794 395 2846 ad
414 2815 436 2847 ν.
455 2799 495 2848 29.
515 2815 537 2847 o.
555 2799 610 2859 53.‚
638 2795 659 2846 si
678 2795 756 2848 modo
777 2795 821 2847 hio
838 2794 908 2847 idem
927 2803 972 2848 est
990 2797 1153 2866 Herodious

153 2861 272 2915 diversus
289 2861 333 2914 ille
352 2862 459 2929 quidem
477 2864 510 2915 ab
523 2862 655 2916 Herodico
668 2862 832 2930 Selybriano‚
849 2871 912 2915 noto
925 2864 1053 2935 medico,
1075 2891 1092 2924 ι.
1104 2873 1154 2923 453.

152 2930 174 2980 l.
185 2935 243 2984 515.
270 2931 311 2983 De
323 2930 460 2984 Zenodoto
474 2930 598 2983 Crateteo
616 2931 693 2982 attuli
707 2931 885 2983 coniecturam
895 2945 985 2984 meam
1001 2951 1071 3004 cap.
1084 2935 1154 2991 XLII

154 2996 258 3051 infime.
294 2998 450 3051 Tauriscum
474 2998 549 3051 addit
567 2998 663 3051 Sextus
681 2998 783 3064 Empir.
803 3014 824 3050 o
843 2998 929 3050 Math.
948 2999 971 3066 l,
991 3005 1062 3058 248.
1098 3006 1154 3059 Ale

151 3065 282 3117 xandrum
301 3066 493 3132 Polyhistorcm
512 3065 583 3118 Suid.
596 3066 626 3118 T.
639 3066 660 3118 I.
672 3083 699 3132 p.
715 3070 769 3119 104.
805 3066 904 3119 Contra
921 3065 1085 3126 laudantur
1102 3073 1155 3126 lini

151 3131 275 3252 ἓίοηγεὶἱ
293 3134 405 3186 Thracis
423 3143 451 3186 et
468 3133 631 3186 Parmenisci
648 3137 717 3203 πρὸς
734 3130 875 3203 Κράτητα,
899 3137 1033 3190 adversus
1054 3141 1110 3208 Cr,
1126 3139 1156 3194 ad

172 3205 255 3254 ela.
274 3220 289 3253 ι.
308 3205 367 3253 460.

218 3288 253 3354 66)
271 3286 366 3339 Strabo
384 3285 405 3338 Ι.
423 3301 449 3352 p.
467 3291 508 3340 30.
526 3290 590 3353 (54.)
607 3286 704 3339 Sextus
721 3285 823 3355 Empir.
840 3287 861 3354 I,
879 3292 921 3340 44.

219 3373 255 3437 6⁷)
272 3371 380 3424 Suetou.
399 3371 432 3424 de
451 3372 487 3424 ill.
508 3369 623 3424 Gramm.
636 3386 658 3424 c.
671 3375 695 3425 2.
714 3370 759 3423 ubi
777 3379 940 3424 memoratus
951 3375 1075 3432 Attalus
1086 3378 1156 3435 haud

151 3438 716 3574 gugtlixepesgfilvoggngmilrJreghiIlailglshus,
735 3440 781 3507 qui
792 3439 915 3506 Pergami
927 3445 1026 3509 coepit
1039 3462 1154 3517 regnate
