2482 3960
515 295 695 354 ..pp-

100 449 252 520 rationem,
273 448 366 520 qualis
387 449 417 506 in
431 447 563 521 Odyssea
582 447 678 520 est⁹⁴),
697 448 834 521 reperiat.
873 448 1018 507 Percense
1030 450 1100 508 item

99 526 215 597 reliqua
233 525 312 583 illius
333 525 398 584 aevi
418 525 501 598 epica
515 524 649 584 Carmina
668 524 729 584 sive
744 524 907 584 carminum
920 532 1105 597 argumenta,

101 601 294 674 Genealogias
308 601 427 661 deorum
441 602 611 674 ethereum,
631 600 814 674 Dionysiaca,
834 601 1009 673 Thebaides,
1029 603 1099 676 Epi-

100 694 201 751 gonos,
220 678 412 751 Naupactica,
432 679 505 749 alia,
525 695 612 736 unum
632 677 748 749 quidem
767 679 884 737 heroem
903 679 933 735 in
945 680 1097 751 nonnullis

100 759 180 826 (nam
198 752 315 813 fuerunt
333 755 419 828 plura
437 755 612 828 perbrevia,)
632 755 662 812 in
680 756 760 813 nullo
779 771 865 813 unam
878 755 1101 827 velprimariam

99 831 252 904 actionem,
272 831 411 904 episodiis
424 832 463 890 ad
475 831 591 890 modum
600 830 708 890 iliados
721 832 915 902 intertextam,
936 830 1096 903 deprehen·

100 907 163 965 des.
195 906 304 979 Magno
320 913 442 978 ,auctore
461 908 492 967 id
511 905 631 975 affirmo,
650 923 707 966 non
727 909 892 966 coniectura
905 906 1017 965 ductus.
1050 908 1096 967 Ita

99 984 177 1042 enim
186 982 359 1042 Aristoteles
379 984 486 1056 ubique
505 983 657 1057 praedicat
670 983 707 1041 de
720 983 856 1055 Homero,
875 984 918 1040 ita
932 999 997 1041 eum
1008 1001 1097 1057 prop·

98 1067 146 1119 ter
166 1061 252 1118 istam
271 1059 366 1132 ipsam
383 1077 446 1119 rem
466 1061 571 1119 ceteris
592 1060 622 1117 in
636 1060 737 1118 eodem
750 1075 858 1132 genere
871 1059 1001 1118 omnihus
1015 1066 1095 1118 ante-

99 1137 190 1210 ponit,
210 1140 244 1194 ut
262 1137 357 1203 nullus
378 1153 477 1196 eorum
495 1139 552 1196 hac
570 1137 600 1193 in
619 1152 652 1194 re
673 1135 775 1194 ducem
795 1141 826 1194 et
844 1136 1003 1208 prinoipem
1016 1153 1098 1195 suum
1118 1158 1155 1198 rar

100 1212 232 1270 imitatus
254 1229 318 1272 esse
338 1213 481 1286 videatur,
500 1229 537 1272 ne
556 1211 823 1284 Pisanderquidem
837 1219 888 1270 aut
899 1211 1039 1286 Panyasis
1054 1220 1104 1272 aut

98 1287 297 1361 Antimachus,
318 1289 367 1361 qui
387 1289 544 1348 secundum
563 1289 721 1348 Homerum
740 1290 842 1363 optimi
860 1290 1005 1348 numerati
1024 1296 1104 1360 sunt,

98 1365 205 1424 nedum
224 1365 404 1436 antiquiores
424 1372 455 1424 et
468 1365 584 1440 chlici.
608 1365 654 1423 De
668 1365 771 1437 quibus
783 1382 887 1424 novum
900 1373 1102 1438 argumentum

98 1440 262 1500 ducendum
281 1447 328 1500 est
348 1459 384 1501 ex
403 1443 469 1516 ipsa
480 1444 594 1502 ratione
609 1441 698 1515 chli,
719 1443 833 1513 qualem
848 1458 913 1500 eum
923 1458 959 1500 ex
971 1442 1034 1502 loco
1044 1443 1103 1516 Ly-

99 1518 139 1576 cii
161 1518 259 1577 Procli
274 1518 353 1590 apud
368 1519 505 1579 Photium
525 1519 718 1591 cognovimus.
758 1520 871 1592 Quippe
887 1517 942 1576 fuit
958 1519 1008 1576 ille
1027 1521 1102 1577 mul-

98 1599 195 1654 torum
214 1589 299 1666 ἐπῶν,
319 1594 356 1654 ab
374 1596 466 1653 initiis
486 1612 584 1654 rerum
603 1611 695 1667 usque
715 1595 753 1653 ad
772 1602 894 1654 mortem
912 1595 1027 1666 Ulyssis
1048 1595 1097 1653 de-

99 1669 260 1742 ductorum,
281 1672 423 1745 collectio,
444 1688 555 1730 omnem
568 1688 660 1745 prope
672 1669 832 1730 fabularem
844 1671 994 1730 historiam
1003 1691 1099 1742 perpe-

99 1756 148 1802 tua
167 1757 191 1802 et
209 1750 335 1805 natarali
352 1751 419 1804 serie
438 1751 640 1821 complectens.
673 1748 719 1806 Ex
739 1765 795 1820 quo
808 1764 866 1806 nno
879 1748 950 1805 satis
964 1754 1098 1820 apparet,

100 1822 231 1901 Cyclicm
248 1828 350 1896 poetas
369 1840 416 1883 res
436 1842 503 1883 suas
523 1825 625 1884 eodem
643 1825 754 1897 ordine,
774 1840 830 1896 quo
848 1823 984 1896 deinceps
999 1840 1098 1883 conse-

99 1905 187 1958 cutae
208 1904 314 1972 essent,
334 1917 391 1960 non
411 1899 447 1959 ad
468 1900 588 1960 formam
609 1901 757 1974 Odysseae
776 1906 902 1972 nostrae,
922 1901 1096 1958 narravisse.

177 1976 259 2048 Quae
279 1991 366 2047 quum
383 1977 427 2036 ita
446 1978 512 2050 sint,
532 1978 596 2049 quis
616 1983 700 2050 putet
718 1978 784 2035 illos
804 1993 902 2035 omnes
917 1992 981 2034 eam
994 1982 1096 2046 artem,

98 2067 175 2124 quae
194 2057 255 2110 tam
274 2053 396 2112 eximiae
414 2052 601 2126 perfectionis
622 2069 711 2112 causa
730 2058 784 2121 est,
805 2053 830 2109 si
846 2050 886 2108 'ah
900 2052 1026 2110 Homero
1046 2052 1101 2109 ad·

98 2128 223 2187 hibitanr
242 2128 391 2201 vidissent,
412 2136 532 2189 autnon
545 2129 730 2201 intellexisse,
750 2134 802 2186 aut
814 2127 991 2185 intellectam
1004 2143 1102 2185 aemu-

97 2205 156 2263 lari
175 2205 322 2263 noluisse?
341 2206 416 2264 Nam
435 2222 473 2264 ne
492 2223 550 2265 non
562 2205 719 2277 potuerint,
739 2220 776 2262 ne
789 2205 936 2275 ingenium
949 2204 1003 2261 tali
1015 2220 1101 2276 prae·

98 2281 225 2339 stantiae
245 2281 338 2354 impar
358 2283 509 2340 attulerint
521 2298 629 2353 omnes,
649 2281 744 2339 vereri
757 2296 840 2339 nemo
853 2280 917 2338 iure
929 2285 1035 2352 potest.
1056 2280 1101 2338 Ac

98 2372 136 2415 ne
157 2357 303 2416 Hesiodus
322 2358 448 2431 quidem,
469 2375 555 2431 quem
573 2364 671 2416 tamen
692 2356 792 2416 critici
810 2357 968 2429 praecipuo
988 2358 1051 2417 loco
1070 2357 1101 2414 in
1180 2370 1183 2375 ·

98 2449 249 2492 numerum
260 2434 433 2508 retulerrmt,
454 2435 609 2508 quidquam
623 2435 661 2493 ad
673 2435 754 2493 illum
766 2434 883 2493 modum
896 2434 1034 2492 cecinisse
1047 2450 1104 2506 pu-

98 2509 205 2568 tandus
226 2515 279 2568 est
319 2510 453 2584 Arguunt
471 2513 527 2571 hoc
541 2504 635 2589 Ἔργα,
655 2527 709 2570 nec
728 2528 793 2569 cum
811 2510 1025 2579 Alexandrinis,
1044 2526 1099 2568 nec

99 2602 165 2644 cum
184 2586 322 2647 Lucretio
341 2593 393 2646 aut
405 2588 529 2661 Virgilio
549 2588 772 2661 comparandum
792 2604 875 2660 opus,
894 2602 988 2658 neque
1008 2587 1096 2646 multo
1111 2602 1151 2642 1aa

99 2662 258 2722 absolutius
283 2680 370 2735 quam
388 2664 594 2737 Theognideae
619 2663 838 2735 sententiae⁹⁵);
874 2669 1000 2735 arguunt
1029 2664 1096 2735 alia,
1180 2706 1182 2710 ,
1209 2668 1216 2677 '

168 2875 205 2943 ⁹4)
222 2873 292 2928 Nam
315 2874 343 2927 in
360 2871 445 2926 Iliade
472 2871 602 2926 naturalis
628 2878 670 2926 est
696 2870 761 2925 ordo
779 2877 1028 2939 rerumgestarum,
1045 2885 1096 2924 nec

98 2941 206 2996 initium
225 2942 330 3009 primae
347 2939 510 3009 rhapsodias
527 2941 655 2995 lectorem
673 2939 753 2993 aliter
770 2938 844 2993 ducit
861 2938 890 2992 in
907 2939 1023 2993 medium
1032 2954 1093 2991 cnr-

98 3025 159 3064 sum
175 3025 274 3078 rerum,
286 3015 368 3078 atque
387 3013 418 3062 ut
435 3006 466 3061 fit
483 3008 511 3061 in
529 3008 626 3062 ceteris
643 3006 794 3128 rhapsodiis
811 3007 959 3075 plerisque:
983 3022 1007 3059 v.
1026 3021 1048 3059 c.
1066 3006 1095 3058 in

98 3077 261 3149 Ἀριστείαις,
278 3077 307 3131 in
324 3076 421 3145 quihus
437 3074 618 3145 illudquoque
630 3081 695 3130 nota
713 3075 748 3129 ile
761 3080 810 3142 est,
828 3074 899 3143 quod
910 3076 1007 3129 heroes
1017 3075 1097 3142 plane

99 3146 138 3200 sic
154 3146 348 3214 producuntur,
366 3144 444 3213 quasi
460 3149 542 3198 antea
558 3160 612 3198 non
630 3143 850 3212 comparuissent.
885 3142 945 3196 Vid.
963 3143 991 3196 in
1007 3159 1048 3210 pr.
1067 3142 1097 3194 A.

167 3230 205 3296 ⁹⁶)
222 3229 351 3298 Legitimi
368 3229 499 3284 Carminis
517 3229 678 3296 didascalici,
695 3227 724 3282 id
741 3234 783 3282 est
800 3229 866 3295 eius,
884 3228 912 3281 in
922 3243 974 3295 quo
986 3241 1041 3305 una
1050 3239 1094 3279 ars

98 3297 155 3351 sive
167 3297 289 3352 doctrina
301 3298 356 3351 sive
369 3297 478 3364 aliquod
487 3302 673 3366 argumentum
685 3312 768 3350 unum
779 3295 925 3350 continenti
935 3300 1094 3347 tractatione

97 3365 216 3433 partium
228 3364 376 3420 absolvitur
395 3365 482 3433 prima
490 3363 635 3434 specimina
644 3365 792 3432 reperimus
800 3363 829 3417 in
837 3361 1019 3430 Xenophanis,
1031 3361 1094 3414 Par-

98 3433 221 3502 menidis‚
237 3405 410 3502 Empedoclis
422 3449 484 3501 opp.
493 3433 559 3503 περὶ
593 3433 688 3500 omos,
706 3445 819 3501 quorum
830 3429 1094 3509 utinam'lragrnenta

98 3500 189 3570 edant,
207 3501 254 3570 qui
271 3501 385 3557 collecta
402 3506 518 3555 serrant
546 3451 614 3555 hfox
630 3501 782 3583 neglectum
800 3499 828 3552 id
845 3512 930 3566 genus
942 3497 976 3551 ab
987 3498 1093 3562 Atticm,
