2482 3960
549 279 657 364 ...14
691 305 726 316 -

493 541 689 668 'unus
734 585 765 664 1.

585 800 689 890 VIII.

197 948 257 1006 Iam
277 950 399 1022 primum
420 952 523 1010 subeat
542 953 655 1025 mirari,
676 968 736 1025 cur,
757 969 843 1023 quum
864 957 923 1009 tam
944 968 1011 1010 raro
1031 952 1060 1009 iu
1080 952 1140 1012 Ho-

140 1042 218 1084 mero
239 1027 373 1097 graviora
393 1029 464 1086 vitia
483 1029 637 1102 offendant,
658 1035 768 1088 tantum
788 1036 886 1087 tamen
906 1044 1013 1100 operae
1034 1029 1064 1086 in
1078 1045 1140 1088 oor·

137 1103 265 1161 rectione
286 1103 349 1162 eius
366 1104 529 1176 ponendum
543 1112 676 1165 statuam.
716 1106 899 1177 Apollonium
913 1105 1058 1163 Rhodium
1071 1121 1136 1163 oon·

139 1177 236 1249 tende,
257 1179 398 1249 quomodo
420 1186 487 1238 aute
500 1181 676 1240 Bruuokium
690 1182 851 1253 legebatur,
871 1181 921 1239 vel
932 1181 1030 1252 Quinti
1044 1181 1139 1253 Smyr·

137 1255 204 1312 naei
226 1255 312 1311 etiam
332 1271 408 1312 nunc
427 1256 646 1315 mendosissima
667 1258 858 1329 exemplaria3
879 1273 948 1314 saue
961 1274 1018 1316 uon
1031 1258 1139 1329 poterit

137 1335 182 1388 tot
202 1330 324 1387 saeculis
346 1331 491 1402 antiquior
516 1339 597 1390 vates
622 1349 679 1391 non
707 1340 737 1391 et
763 1333 966 1404 integerrimus
991 1334 1084 1392 videri
1109 1340 1139 1392 et

138 1406 398 1464 emendatissimus.
437 1409 478 1467 At
498 1410 611 1480 qualem
625 1410 770 1481 integrum
784 1409 890 1467 librum
905 1410 1024 1468 dicimus
1039 1411 1138 1469 critico

138 1482 255 1552 quidem
274 1484 381 1556 sensu?
420 1484 507 1542 Haud
528 1501 593 1543 eum
612 1483 752 1558 profecto,
773 1487 823 1557 qni
836 1486 944 1557 absque
958 1487 1067 1546 offensa
1079 1487 1139 1558 legi

137 1559 239 1631 possit,
262 1566 292 1617 et
311 1560 341 1616 iu
362 1575 418 1631 quo
438 1561 509 1619 nihil
529 1565 567 1620 sit
588 1563 715 1634 eleganti
735 1562 936 1621 consuetudini
955 1565 1094 1622 sermonis
1109 1569 1139 1620 et

136 1635 256 1706 reliquis
277 1642 357 1695 recte
377 1636 522 1695 scribendi
540 1639 654 1710 legibus
679 1640 862 1697 contrarium.
902 1639 944 1698 Ut
968 1638 1040 1696 nihil
1061 1640 1138 1713 eius·

137 1712 215 1769 modi
236 1712 274 1770 sit
293 1713 323 1770 in
343 1713 460 1785 ungam
480 1719 576 1787 textu,
597 1732 654 1774 non
674 1717 808 1774 continuo
828 1731 881 1787 pro
901 1731 974 1786 puro
995 1721 1025 1771 et
1044 1731 1138 1772 emen·

138 1787 206 1846 dato
235 1788 385 1846 habendus
416 1791 487 1862 erit3
520 1792 605 1850 immo
630 1808 831 1862 nonnunquam
858 1791 894 1848 ob
920 1790 950 1847 id
972 1790 1083 1862 ipsum,
1114 1792 1138 1848 si

34 1871 39 1879 ’
137 1865 278 1922 eiusmodi
303 1865 373 1923 nibil
394 1866 476 1939 insit,
503 1873 585 1927 tauto
609 1870 702 1940 magis
729 1883 867 1939 germana
892 1867 1061 1938 integritate
1086 1884 1140 1925 sua

138 1938 290 1999 fraudatus
312 1957 376 2001 esse
396 1942 537 2002 videatur.
576 1945 642 2004 Non
662 1945 762 2004 dubito
782 1943 858 2016 fore,
887 1944 936 2014 qui
956 1944 1010 2002 hoc
1035 1943 1140 2002 subab·
1163 1997 1168 2007 .

136 2018 223 2076 surde
251 2018 309 2076 dici
336 2019 498 2093 opinentur.
543 2020 601 2080 seu
627 2022 651 2079 si
676 2026 786 2079 textum
812 2021 984 2092 scriptorum
1009 2026 1139 2078 veterum

135 2110 224 2167 supra
243 2101 323 2154 recte
342 2097 431 2155 retuli
450 2097 488 2155 ad
501 2100 644 2169 foetorum
664 2101 852 2153 batoricoram
868 2098 1084 2169 spectationem,
1105 2097 1134 2153 in

98 2189 122 2228 25
138 2186 172 2230 eo
193 2172 395 2233 constituendo
416 2175 523 2233 nullam
543 2175 669 2248 speciem
690 2174 904 2246 probabilitatis
927 2190 961 2231 ex
981 2189 1069 2232 sensu
1082 2173 1141 2231 ele-

25 2271 33 2283 ·
140 2249 257 2320 gantiae
278 2249 408 2322 ductam,
436 2267 536 2310 verum
555 2251 647 2323 proba
667 2257 698 2308 et
723 2251 794 2308 satis
819 2251 938 2321 antiqua
964 2249 1141 2321 exemplaria

136 2325 330 2396 principatum
356 2325 465 2384 habere
490 2343 609 2385 necesse
636 2333 688 2384 est.
729 2325 832 2397 Longe
857 2331 953 2383 autem
978 2326 1058 2381 aliud
1085 2329 1140 2394 est,

135 2402 164 2457 in
195 2401 368 2471 optimorum
397 2402 516 2459 testium
540 2401 597 2459 fide
622 2401 782 2474 spectanda
803 2402 885 2472 leges
904 2400 1044 2458 historiae
1074 2416 1138 2457 con-

135 2478 256 2548 iungere
277 2491 341 2534 cum
362 2492 416 2533 usu
435 2477 560 2549 linguae,
582 2492 762 2535 cumrerum
784 2474 917 2534 doctrina
941 2482 1028 2547 atque
1052 2492 1138 2534 sensu

135 2552 263 2626 pulchri3
283 2552 378 2622 aliud,
399 2552 453 2612 hoo
472 2553 596 2612 volatico
617 2569 703 2612 sensu
722 2557 861 2624 tanquam
882 2553 997 2610 ventulo
1018 2552 1139 2626 impelli,

136 2634 177 2701 ut,
198 2644 385 2700 quaecunque
405 2629 492 2688 lectio
512 2634 634 2688 venusta
654 2634 683 2687 et
702 2629 852 2687 commoda
879 2627 1045 2701 obiiciatur,
1072 2645 1138 2686 ean·

136 2705 202 2764 dem
224 2719 322 2764 veram
343 2711 374 2763 et
393 2721 559 2778 germanam
583 2721 647 2764 esse
672 2705 832 2766 credamus.
874 2704 967 2776 Saepe
994 2705 1069 2762 enim
1093 2720 1140 2762 se·

135 2782 248 2841 veriore
269 2782 384 2855 iudicio,
405 2782 482 2854 quod
502 2783 752 2845 austerrimarum
765 2781 970 2840 auctoritatum
985 2780 1139 2840 collatione

134 2858 296 2917 ducendum
319 2865 377 2932 est,
401 2860 488 2932 plane
510 2856 645 2932 efficitur,
672 2875 708 2917 ea
727 2874 825 2918 omncs
846 2873 979 2916 numeros
1005 2857 1158 2916 veritatis

133 2935 252 3008 habere,
282 2935 447 3006 inquibus
476 2936 618 2995 maximae
637 2935 763 2996 offensae
789 2935 862 3007 sint,
888 2933 948 2991 alia
972 2940 1070 2992 autem
1095 2934 1138 2990 in-

134 3017 232 3070 certae
257 3017 309 3070 aut
331 3012 437 3070 nuditus
464 3011 531 3070 fidei
552 3028 631 3086 esse,
662 3027 736 3083 quae
766 3025 906 3084 perquam
936 3010 1079 3082 probabili
1109 3016 1139 3068 et

134 3085 237 3146 festivo
258 3103 345 3146 seusu
363 3088 484 3147 niteant.

193 3165 268 3236 Quid
288 3181 370 3237 vero,
391 3165 416 3222 si
435 3179 472 3224 ne
491 3166 585 3224 nitent
604 3164 720 3236 quidem
739 3165 871 3236 vulgata,
901 3179 975 3235 quae
996 3164 1137 3236 antiquio-

134 3257 197 3299 rum
216 3241 355 3301 librorum
375 3243 526 3301 consensui
544 3241 755 3300 adversantur?
796 3241 855 3300 Sed
876 3241 943 3299 nolo
963 3240 1061 3299 statim
1074 3241 1136 3298 eius

135 3319 250 3390 generis
271 3319 403 3393 exempla
421 3314 565 3392 proferre,
592 3318 689 3393 qualia
707 3318 765 3376 iam
786 3318 854 3376 olim
883 3316 1038 3389 quaedam,
1064 3316 1140 3373 satis

135 3395 271 3528 {renibus
286 3394 636 3470 decaus1s‚textueieci;
655 3399 687 3452 ut
700 3394 733 3452 Il.
746 3391 777 3468 β.
793 3400 859 3453 451.
874 3389 1009 3464 ἑκάστου,
1022 3412 1048 3469 η.
1069 3392 1134 3450 337.

153 3490 167 3530 ν
184 3469 290 3549 πεδίῳ,
309 3469 339 3528 θ.
355 3477 419 3533 563.
441 3473 531 3545 (559.)
547 3469 645 3542 σέλας,
664 3491 692 3528 κ.
707 3477 772 3530 328.
790 3468 876 3546 βάλε,
893 3490 924 3547 μ.
946 3474 1010 3529 343.
1026 3463 1141 3540 Ai‘oture,
