2482 3960
506 297 686 350 „35-

97 444 206 503 frustra
239 449 284 503 tot
316 449 450 502 auctores
475 445 548 501 artis
573 443 717 510 dilaudari
742 444 932 515 suspicentur.
976 442 1020 501 Ac
1047 441 1102 500 1111

100 520 228 594 quidem,
256 536 342 591 quum
364 536 418 592 ego
440 536 553 591 quoque
572 521 646 578 hanc
666 520 808 578 rationem
828 535 974 591 sequerer,
1000 519 1102 577 1101-

99 598 170 671 phei
196 598 376 668 temporibus
402 597 504 654 saltem
529 597 628 654 titulos
657 602 686 653 et
707 597 915 668 epigrammata
935 595 1101 654 abiudicare

85 690 157 732 ,111
184 671 332 748 auderem.
372 672 572 731 Sollicitabant
596 689 642 730 me
662 679 780 744 praeter
800 673 872 730 alias
893 688 995 730 causas
1016 688 1103 743 quae-

100 750 168 807 dam
195 750 358 806 litterarum
383 756 579 820 monumenta,
612 764 686 820 quae
713 750 876 820 antiquiora
901 747 1028 807 Homero
1057 748 1102 806 vel
1116 761 1141 799 ⁵³

100 826 170 884 olim
193 825 356 883 constitisse
377 825 520 896 dicuntur,
547 825 593 882 vel
611 823 698 883 hodie
719 825 755 882 ab
777 825 897 882 eruditis
919 824 1023 896 cupide
1037 840 1103 896 per-

100 899 289 971 hibenturss).
329 901 437 959 Verum
466 900 503 958 ab
532 917 567 972 ea
594 901 641 958 via
660 901 747 973 plane
766 917 811 958 me
832 906 1000 958 averterunt
1019 902 1104 972 plura

100 978 229 1048 vestigia
241 977 389 1049 historica,
411 993 568 1049 earumque
582 993 688 1048 rerum,
709 976 811 1048 quibus
825 977 909 1034 istius
924 978 1031 1034 aetatis
1046 977 1104 1034 cul-

100 1058 148 1111 tus
170 1054 381 1125 continebatur,
402 1059 433 1111 et
451 1055 580 1126 ipsorum
600 1053 716 1111 illorum
730 1058 977 1111 monumentorum
990 1054 1105 1112 curiosa

101 1135 133 1187 11
158 1129 274 1187 subtilis
303 1130 486 1188 existimatio.
526 1130 628 1200 Itaque
655 1144 757 1186 maneo
783 1129 812 1184 in
833 1144 868 1186 ea
888 1129 1041 1200 sententia,
1064 1134 1104 1199 ut,

103 1206 218 1263 etiamsi
227 1207 285 1263 ista
296 1207 391 1264 omnia
405 1212 535 1279 tempore
549 1205 727 1279 praecedant
739 1204 905 1277 Homerum,
926 1205 1013 1276 (malo
1029 1205 1104 1262 enim

101 1281 174 1339 illud
200 1298 276 1338 nunc
301 1283 330 1339 in
350 1282 445 1340 medio
465 1283 643 1354 relinquere,
669 1297 755 1353 quam
779 1278 936 1339 deflectere
963 1281 1105 1339 decursu

102 1362 189 1429 meo‚)
211 1364 308 1416 tamen
327 1358 395 1416 inde
414 1358 486 1415 nihil
506 1364 638 1416 constare
659 1359 696 1415 de
710 1359 829 1429 vulgato
842 1375 897 1415 usu
910 1359 982 1416 artis
996 1365 1103 1431 putem.
1143 1366 1147 1389 i

102 1435 178 1492 Nam
200 1440 339 1506 superato*
358 1450 481 1507 operoso
501 1435 613 1507 labore,
646 1442 679 1491 ut
703 1434 875 1506 peregrinae
895 1441 981 1492 notae
1001 1435 1104 1506 patriis

104 1511 183 1569 11111
204 1516 383 1584 aptarentur,
403 1526 553 1581 novaeque
574 1510 766 1568 subderentur
785 1510 932 1569 vocalibus
954 1517 983 1567 11
1003 1512 1038 1568 111
1058 1511 1105 1568 111-

103 1587 188 1657 teris,
216 1587 319 1658 quibus
343 1586 518 1644 Phoenicum
543 1588 687 1659 scriptura
716 1587 870 1644 caruisset:
903 1602 959 1657 quo
987 1587 1105 1657 negotio

101 1659 232 1734 perfecto
268 1662 382 1721 domum
417 1679 464 1720 res
502 1662 541 1720 ad
577 1663 779 1734 inscriptiones
816 1662 946 1734 lapidum
967 1663 1105 1719 similisve

103 1739 244 1796 materiae
275 1739 390 1797 traduci
419 1740 528 1810 potuit:
562 1746 759 1797 verumtamen
778 1745 810 1796 ut
829 1740 880 1795 illa
899 1737 1106 1797 meditamenta

104 1816 162 1872 iam
177 1815 274 1872 Iliacis
290 1814 467 1887 temporibus
490 1816 561 1874 satis
579 1814 709 1888 perfecta
719 1813 836 1887 fuerint,
862 1816 979 1886 longum
994 1815 1061 1872 hinc
1077 1824 1107 1872 et

103 1891 201 1948 multis
219 1891 311 1949 modis
330 1890 500 1963 impeditum
512 1893 569 1950 iter
578 1891 718 1964 restabat,
739 1893 831 1951 donec
851 1897 943 1950 artem
962 1891 1106 1950 habilibus

103 1968 303 2025 instrumentis
325 1974 423 2041 aptam
443 1969 548 2028 cultior
569 1968 707 2027 doctrinis
722 1968 845 2041 populus
860 1967 897 2025 ad
912 1967 1042 2025 brevium
1056 1984 1107 2040 pa-

106 2043 249 2114 ginarum,
270 2049 331 2101 tum
352 2044 389 2101 ad
409 2045 515 2102 iustam
534 2045 673 2102 librorum
693 2045 879 2116 scriptionem
901 2042 1061 2100 adhiberet.

185 2119 289 2178 Tribus
316 2120 410 2179 verbis
436 2120 575 2189 indicavi,
602 2136 690 2191 quae,
716 2127 750 2176 ut
778 2124 839 2176 tum
865 2125 995 2191 tempora
1016 2124 1107 2190 erant,

105 2192 227 2254 forsitan
248 2212 299 2254 sex
318 2197 441 2258 saeculis
461 2214 518 2255 non
537 2197 685 2269 potuerint
705 2195 743 2252 ad
763 2193 895 2252 effectum
915 2195 1021 2252 venire.
1048 2194 1107 2253 Diu

107 2272 183 2328 enim
207 2272 321 2331 illorum
344 2273 489 2331 hominum
515 2274 575 2329 vita
602 2278 631 2329 et
660 2271 830 2343 simplicitas
854 2271 927 2327 nihil
952 2270 1106 2328 admodum
1120 2289 1144 2328 11

106 2346 224 2420 habuit,
250 2348 325 2420 quod
346 2346 627 2421 scriptura'dignum
647 2347 811 2406 videretur:
838 2348 869 2404 11
890 2347 954 2405 aliis
975 2348 1105 2406 omnibus

107 2425 242 2497 occupati
263 2432 353 2496 agunt
372 2425 425 2496 illi,
446 2441 519 2496 quae
539 2425 649 2498 posteri
663 2425 799 2496 scribunt,
820 2425 876 2496 vel,
897 2429 929 2481 nt
942 2423 978 2482 de
992 2425 1108 2496 quibus-

108 2498 175 2557 dam
188 2501 303 2573 populis
318 2503 490 2573 accepimus,
507 2504 595 2559 etiam
607 2507 795 2560 monstratam
809 2517 928 2573 operam
940 2501 1014 2557 hanc
1028 2517 1107 2574 sper-

106 2581 179 2632 nunt
198 2584 334 2647 tanquam
354 2577 483 2635 indecori
503 2579 569 2636 otii:
592 2577 726 2636 Carmina
745 2582 851 2649 autem,
872 2593 947 2647 quae
967 2584 1106 2649 pangunt,

107 2651 194 2724 longo
221 2668 275 2709 usu
295 2653 337 2708 sic
357 2669 407 2710 ore
428 2660 458 2710 et
476 2650 597 2712 fundere
619 2660 649 2711 et
669 2655 802 2725 excipere
823 2659 1048 2725 consueverunt,
1075 2659 1107 2709 ut

107 2733 195 2784 cantu
215 2734 245 2785 et
264 2729 435 2787 recitatione
455 2731 641 2787 cummaxime
660 2730 788 2801 vigentia
802 2729 945 2787 deducere
960 2729 997 2786 ad
1011 2735 1106 2786 mutas

106 2809 200 2875 notas,
221 2820 257 2861 ex
271 2804 349 2862 illius
360 2806 464 2863 aetatis
479 2822 565 2863 sensu
578 2806 649 2862 nihil
663 2805 742 2862 aliud
757 2811 843 2876 esset,
865 2821 950 2875 quam
963 2805 1106 2876 perimere

107 2895 143 2937 ea
170 2886 199 2936 11
219 2882 300 2938 vitali
320 2882 347 2938 vi
367 2898 402 2940 ac
422 2882 526 2955 spiritu
546 2883 671 2954 privare.
713 2882 776 2951 Qua
796 2880 832 2938 de
853 2897 885 2937 11
906 2878 981 2937 infra
1001 2880 1106 2951 dicam,

107 2969 195 3025 quum
215 2957 251 3013 de
271 2974 388 3016 1111111
408 2958 618 3031 rhapsodorum
639 2957 802 3030 explicabo.
826 2958 910 3014 Nunc
930 2957 968 3014 ad
986 2957 1107 3028 impedi-

105 3039 204 3089 menta
223 3036 442 3107 praevenimur,
465 3050 539 3105 quae
560 3040 641 3091 aetas
662 3033 700 3091 ad
714 3032 827 3106 opificia
840 3035 933 3091 minus
948 3049 1038 3105 sagax
1051 3050 1107 3092 non

104 3109 201 3179 potuit
226 3125 283 3166 non
312 3110 452 3182 obiicere,
478 3111 592 3168 nocito
619 3111 685 3167 talis
713 3126 775 3178 res,
801 3118 862 3168 tam
881 3125 935 3183 per
954 3125 985 3167 se
1005 3125 1107 3180 parum

64 3250 77 3267 ἡ
106 3191 177 3255 apta
205 3185 352 3254 sensibus,
379 3186 415 3243 ab
441 3187 618 3245 obscuritate
642 3186 867 3245 rudimentorum
888 3185 925 3243 ad
945 3191 1107 3258 promptam

118 3291 312 3299 .—-—-—-

178 3321 216 3385 21)
235 3320 275 3374 De
293 3321 336 3374 his
354 3320 419 3373 satis
436 3321 519 3374 fuerit
537 3322 674 3376 nominare
692 3337 772 3374 unam
785 3318 984 3374 celeberrimam
997 3317 1106 3386 inscrip-

103 3387 207 3442 tionem
225 3403 261 3441 111
273 3388 426 3509 Αωὸ111111
437 3404 454 3441 1
465 3389 640 3443 Fourmontio
653 3389 780 3457 repertis:
799 3389 832 3441 de
850 3388 903 3439 illis
913 3386 1010 3438 Thesei
1023 3387 1107 3439 stelen

105 3455 240 3528 lapideam
258 3472 301 3523 ap.
347 3454 459 3508 emosth.
478 3472 500 3508 c.
520 3458 618 3512 Neaer.
637 3439 1107 3525 1873.1.,111111111111111111-
1152 3458 1159 3513 ¹,

105 3525 176 3576 rium
194 3539 237 3592 ap.
256 3523 335 3578 Diod.
349 3523 381 3591 V,
399 3528 449 3590 18,
468 3539 579 3578 aeneam
597 3525 716 3579 tabulam
734 3539 777 3592 ap.
790 3523 857 3576 Plin.
870 3521 931 3588 VII,
939 3525 981 3581 18.
994 3526 1044 3575 etc.
1056 3529 1106 3574 etc.

927 3617 954 3657 31
