2482 3960
563 257 741 310 ..pg-

154 419 245 476 scere,
265 419 384 476 quorum
398 404 497 463 tenuia
510 403 668 476 primordia
680 404 767 476 pauci
780 402 975 475 observarent,
996 403 1154 463 utilitatem

154 479 232 554 apud
255 485 387 552 posteros
412 496 496 538 nemo
523 485 647 538 curaret.
687 480 758 538 Sero
779 485 876 537 autem
896 496 966 551 gens
987 479 1087 538 adulta
1106 497 1154 539 re·

157 557 252 629 spexit
271 556 443 614 incunabula
456 572 518 628 sna,
539 573 625 628 quum
637 557 775 615 memoria
788 557 944 629 primarum
958 556 1153 616 inventionum

156 632 244 705 longo
265 632 417 691 intervallo
437 632 592 692 obscurata
611 648 646 690 ac
665 631 773 691 dissoni
793 648 922 691 rumores
942 633 1029 691 variis
1042 634 1152 705 opinio-

158 708 242 767 nibus
269 714 299 766 et
323 708 403 767 novis
428 706 532 768 fabulis
556 709 650 767 locum
673 709 862 781 praeberent,
887 724 941 767 nec
961 708 1152 768 adhiberetur

159 784 196 843 ab
221 785 365 844 historicis
390 785 463 844 haec
482 786 612 844 sollertia
631 784 863 860 philosophandi,
893 801 950 856 qna
969 801 1022 845 nos
1042 784 1152 857 ingenii

158 861 274 919 humaui
294 862 323 918 in
336 861 423 920 rebus
436 862 614 920 inveniendis
627 877 797 936 progressus
812 865 842 918 et
855 876 1017 920 mensuram
1031 861 1151 935 indaga-

113 959 139 998 rr
158 937 258 1010 vimus,
277 943 429 1011 postquam
449 937 546 997 orbem
573 943 669 997 terrae
694 938 780 996 latius
801 937 1035 1010 circumspicere,
1063 944 1150 1011 atque

158 1014 282 1085 plurium
301 1014 481 1087 populomm,
502 1015 589 1073 simili
608 1017 688 1073 cultu
708 1015 784 1073 vitae
804 1015 959 1086 utentium,
984 1015 1099 1073 habitus
1120 1022 1151 1073 et

156 1090 376 1149 consuetudines
396 1107 564 1164 comparare
584 1090 743 1150 didicimus.
784 1091 897 1165 Quippe
917 1107 990 1150 uova
1009 1091 1082 1149 haec
1100 1092 1151 1149 lux

158 1173 203 1225 est
215 1172 378 1225 nostrorum
392 1171 561 1240 temporum,
576 1167 695 1226 Graecis
707 1172 815 1239 negata
829 1173 880 1225 aut
889 1168 1031 1226 incuriose
1041 1166 1149 1226 habita.

235 1242 293 1301 Sed
318 1241 473 1301 commodis
497 1243 582 1301 huius
606 1244 678 1302 lucis
702 1259 863 1316 perpaucos
884 1242 1058 1319 eorumirui
1078 1243 1151 1300 vidi-

156 1335 232 1390 mus,
267 1319 316 1390 qui
345 1318 457 1377 emdite
486 1319 551 1378 loca
579 1325 708 1378 vetorum
738 1318 775 1377 de
805 1319 970 1379 auctoribus
1000 1319 1150 1393 alphabeti

158 1393 263 1454 Graeci
288 1395 475 1466 collegerunt.
521 1397 583 1468 Quo
610 1394 717 1455 iactum
742 1401 802 1465 est,
826 1401 859 1454 ut
884 1397 981 1455 multis
1007 1395 1149 1454 derebus

157 1474 233 1530 iuter
256 1487 287 1529 se
313 1470 499 1530 dissentirent
523 1472 577 1529 riri
602 1473 777 1545 gravissimi,
803 1478 833 1532 et
859 1474 966 1546 partim
991 1473 1148 1544 sententias

158 1563 258 1620 parum
277 1547 441 1620 probabiles
462 1555 658 1621 sequerentur.
685 1551 760 1610 Nam
778 1555 845 1624 post
863 1551 1008 1623 principes
1021 1549 1147 1621 vulgaris

157 1625 333 1693 sententiae,
359 1625 536 1698 scaligerum
563 1632 593 1684 et
619 1627 803 1698 salmasium,
831 1642 887 1684 uon
907 1622 1073 1697 defuerunt,
1099 1627 1148 1697 qui

158 1702 246 1758 etiam
271 1701 418 1772 aliquanto
442 1707 509 1760 aute
530 1701 668 1760 Cadmum
687 1703 875 1774 Pelasgomm
899 1701 990 1758 caseis
1011 1701 1148 1772 gregibus

156 1782 215 1834 tam
229 1777 431 1848 necessariam,
444 1782 477 1834 ut
489 1777 640 1850 putabant,
654 1784 746 1836 artem
759 1777 934 1846 tribuereut3
947 1792 1039 1847 eaque
1053 1777 1150 1847 opinio

158 1868 233 1910 uuuc
258 1868 371 1923 quoque
400 1853 498 1911 multis
519 1854 659 1925 probatur
679 1859 709 1911 et
728 1853 839 1912 eximiis
858 1852 983 1923 virisss).
1022 1852 1149 1911 Maxime

158 1935 254 1987 autem
279 1930 364 2000 vulgo
388 1926 526 1987 falluntur
551 1930 580 1986 in
606 1946 654 2002 eo,
681 1930 771 2001 quod,
792 1945 848 2000 quo
873 1934 1003 2002 tempore
1027 1930 1150 2002 primum

157 2005 270 2064 litteras
302 2004 421 2064 Graecis
448 2006 551 2065 allatas
577 2007 731 2065 memorari
749 2005 865 2077 vident,
891 2005 992 2064 eodem
1020 2012 1149 2078 tempore

157 2082 241 2140 simul
266 2097 348 2140 usum
376 2097 475 2141 earum
499 2098 596 2141 omnes
617 2082 758 2142 Graeciae
777 2081 847 2140 fines
867 2088 1055 2155 pervagatum
1076 2096 1148 2151 esse,

113 2172 139 2210 es
157 2164 186 2216 ct
205 2159 286 2216 libris
306 2159 465 2217 scribendis
479 2161 657 2220 occasionem
679 2159 794 2218 dedisse
809 2159 986 2228 existimant3
1007 2156 1044 2214 de
1057 2162 1150 2214 muta-

155 2235 282 2294 tionibus
303 2240 333 2292 et
353 2235 500 2307 gradibus,
520 2252 574 2309 per
594 2252 665 2308 quos
685 2237 744 2295 tale
764 2237 910 2294 inventum
930 2234 967 2294 ab
986 2233 1075 2291 initiis
1089 2233 1148 2290 suis

157 2308 356 2368 deducendum
375 2309 438 2382 fuit,
459 2327 599 2382 quaerere
611 2313 770 2383 negligunt.
791 2313 893 2383 Itaque
908 2310 945 2367 de
955 2310 1067 2367 vatibus
1082 2309 1147 2379 illis,

156 2403 227 2458 qnos
253 2385 303 2443 diu
328 2391 395 2445 ante
420 2402 451 2445 se
471 2388 568 2458 plures
589 2386 678 2445 fnisse
696 2388 759 2460 ipse
779 2388 920 2445 Homerus
940 2385 1087 2458 perhibet,
1111 2402 1147 2443 ne

155 2462 350 2533 quaerendum
371 2462 488 2534 quidem
507 2468 620 2535 putant,
640 2479 678 2521 au
697 2463 851 2521 utilissima
864 2467 928 2521 arte
941 2463 984 2520 uti
997 2461 1146 2533 volueriut,

151 2540 176 2596 si
196 2540 253 2597 iam
272 2544 333 2596 tum
352 2544 469 2612 reperta
490 2545 561 2598 erat
612 2541 703 2612 Quem
724 2555 850 2598 errorem
870 2544 1012 2597 auxerunt
1030 2537 1145 2596 fabulae

154 2615 269 2672 rudium
290 2615 467 2687 quorundam
487 2615 516 2672 in
535 2616 599 2688 ipsa
618 2632 672 2674 sua
685 2617 858 2687 antiquitate
870 2617 1042 2688 scriptorum
1056 2614 1146 2673 Grae-

156 2707 262 2749 corum.
289 2690 477 2750 Celebrautur
496 2693 572 2750 euim
584 2708 690 2764 magua
702 2692 846 2751 volumina
860 2690 1030 2762 carminum,
1051 2692 1145 2760 immo,

155 2768 181 2826 si
199 2767 292 2826 Musis
312 2769 418 2842 placet,
438 2784 543 2841 prosae
565 2770 755 2841 eloquentiae,
775 2769 845 2827 item
864 2769 945 2839 leges
961 2772 990 2824 et
1003 2767 1144 2835 instituta,

155 2848 291 2916 tanquam
310 2845 411 2918 primis
422 2845 598 2917 temporibus
612 2846 732 2919 scripta:
754 2845 800 2902 cui
813 2843 907 2903 fraudi
921 2844 951 2900 iu
964 2843 1014 2900 illa
1028 2840 1145 2918 ἀκρισίᾳ

219 3060 254 3124 11)
272 3058 387 3112 Boherio
410 3058 437 3111 in
460 3057 571 3112 Dissert.
595 3057 736 3112 subiuncta
759 3054 961 3111 Montefalcouii
984 3054 1143 3122 Palaeogra-

152 3126 232 3193 phiae
255 3126 319 3189 Gr,
343 3125 521 3195 Wesselingio
550 3126 585 3180 ad
608 3124 685 3180 Diod.
709 3125 760 3179 Sic.
778 3124 808 3177 T.
827 3125 849 3178 1.
866 3139 893 3191 p.
911 3127 962 3178 236
1002 3123 1144 3188 Swintono,

150 3196 295 3263 Jaoksono,
321 3194 465 3260 Biancono,
488 3192 651 3261 Monboddo,
669 3193 772 3260 Astleo,
790 3191 935 3259 Larchero,
953 3190 1020 3245 a'is.
1056 3189 1144 3256 Quan-

149 3278 228 3331 quam
245 3278 279 3316 ue
290 3262 425 3316 veteribus
438 3260 546 3330 quidem
557 3261 625 3316 haec
637 3261 727 3329 opinio
738 3261 831 3341 ignota
840 3259 899 3326 fuit,
912 3258 1042 3327 inquibus
1053 3265 1144 3311 tamen

153 3331 242 3383 nullus
259 3336 353 3385 auctor
371 3336 412 3384 cst
424 3330 512 3398 gravis
530 3335 558 3382 et
575 3329 695 3397 idonens,
713 3345 760 3397 qur
777 3327 878 3383 incolas
896 3326 1025 3381 Graeciae
1044 3325 1143 3379 Cadmo

153 3398 256 3465 priores
274 3399 371 3452 litteris
388 3397 432 3452 rol
449 3397 502 3454 alia
519 3396 575 3450 ulla
592 3398 698 3465 pictura
715 3412 810 3451 vocum
827 3411 890 3450 usos
907 3393 1064 3462 prodiderit.
1102 3393 1142 3446 De

153 3466 265 3534 siugulis
282 3466 436 3520 auctoribus
454 3472 481 3519 et
498 3464 595 3520 fabulis
613 3480 748 3534 exponere
766 3481 820 3519 non
838 3469 879 3517 est
896 3462 1012 3515 instituti
1030 3461 1090 3515 mei.
