2482 3960
582 247 758 300 ..32-

171 396 248 454 beat.
289 395 347 453 Sed
370 396 464 454 locum
489 395 550 452 eius
570 392 652 452 nobis
671 393 819 452 Diodorus
840 393 1014 465 transmisit3
1033 393 1171 456 Herodo-

170 478 232 530 tum
250 471 344 545 ipsum
362 473 494 543 legimus.
513 470 669 528 Enimvero
688 469 736 527 hic
756 471 818 527 veri
833 470 1044 529 amantissimus
1055 472 1171 544 pariter

172 553 201 606 et
220 546 350 606 fictorum
370 547 491 621 cupidus
509 552 643 605 narrator
663 547 718 605 hoc
739 563 853 618 quoque
873 549 937 606 loco
958 551 1038 605 tenet
1057 564 1169 607 morem

170 640 267 696 suum,
299 640 387 696 quum
411 640 443 682 se
466 640 523 682 non
547 628 657 681 certam
681 629 719 680 et·
736 623 822 695 vulgo
847 623 988 682 creditam
1012 640 1088 697 rem,
1115 625 1171 684 sed

132 699 275 759 aramum
299 701 443 771 quandam
473 700 529 759 sibi
552 700 704 772 probatam
730 699 834 758 afferre
861 698 1056 772 significat¹⁶).
1100 702 1169 761 Non

170 777 313 849 potuisset
325 777 417 850 magis
430 778 569 849 ingenue3
583 791 676 847 neque
690 792 745 848 par
757 776 888 849 putanda
902 781 948 835 est
961 777 1046 850 culpa
1059 793 1169 850 eorum,

171 854 219 925 qui
245 854 333 912 talem
359 870 502 913 rumorem
530 869 584 926 pro
609 859 688 911 certo
715 852 840 926 amplexi
861 857 943 927 sunt,
969 859 1056 924 atque
1075 855 1169 927 ipsius
1234 851 1236 856 ’

168 929 306 1002 historici,
327 932 352 989 si
370 931 446 989 hunc
465 929 540 989 forte
560 929 635 988 ratio
654 927 766 1002 fefellit,
797 929 874 1001 quod
892 931 935 987 illi
955 936 985 988 et
1004 929 1074 989 alibi
1093 931 1170 989 acci-

171 1006 222 1078 dit,
244 1013 273 1065 et
292 1008 322 1064 in
341 1013 411 1067 nota
430 1007 575 1066 sententia
588 1005 624 1064 de
637 1005 764 1065 Homero
779 1011 808 1064 et
825 1006 965 1078 Hesiodo,
985 1007 1085 1078 primis
1099 1023 1169 1066 con-

171 1082 311 1144 ditoribus
335 1085 509 1156 theogoniae
539 1083 668 1142 Graecae
681 1082 726 1154 17).
776 1083 879 1155 ltaque
908 1084 971 1156 ipse
1000 1083 1168 1143 Herodotus

237 1330 272 1395 16)
289 1327 321 1382 V.
338 1332 380 1383 58.
417 1327 448 1380 Oi
473 1324 592 1388 Φοίνικες
614 1327 639 1378 oi
662 1327 713 1379 σὺν
737 1322 842 1397 Κάδμῳ
867 1327 1022 1391 ἀπικόμενοι
1047 1358 1077 1368 -
1096 1327 1166 1382 ἄλλα

169 1414 201 1449 τε
224 1396 309 1448 πολλὰ
346 1397 503 1467 οἰκήσαντες
525 1396 627 1464 ταύτην
652 1397 701 1465 τὴν
715 1395 830 1480 χώρην,
854 1396 982 1464 ἐςήγαγον
1007 1396 1166 1450 διδασκάλια

168 1465 197 1524 ἐς
222 1464 285 1524 τοὺς
300 1463 314 1485 ‘¹
329 1464 440 1534 λληνας,
470 1464 514 1516 καὶ
537 1465 570 1534 δὴ
597 1463 641 1514 καὶ
666 1480 832 1531 γραμματα,
865 1464 924 1516 οὐκ
947 1465 1051 1517 ἐόντα
1080 1466 1166 1534 πρὶν

75 1552 77 1556 ’
162 1529 306 1601 Ἕλλησι,
325 1534 367 1592 ὡς
383 1533 458 1597 ἐμοὶ
476 1533 609 1584 δοκέειν
628 1549 652 1584 κ.
671 1549 693 1584 τ.
712 1531 735 1583 λ.
771 1529 816 1584 Ex
832 1532 875 1585 his
893 1532 993 1586 clarum
1012 1539 1061 1598 est,
1079 1533 1167 1587 Hero·

168 1599 261 1654 dotum
273 1600 418 1656 diiudicare
435 1603 506 1655 inter
524 1616 577 1669 eos,
596 1599 709 1667 quirem
722 1597 821 1653 Cadmo
834 1598 1012 1667 antiquiorem
1023 1600 1165 1669 putabant,

168 1675 195 1721 et
212 1669 283 1722 inter
303 1685 357 1736 eos,
375 1669 422 1738 qui
439 1670 473 1724 ab
490 1668 536 1722 illo
552 1666 685 1736 putabant
702 1666 843 1721 invectam.
861 1667 914 1721 Sed
931 1669 959 1720 in
971 1668 1082 1722 eandem
1094 1668 1165 1723 hanc

167 1735 343 1803 posteriorem
360 1737 511 1805 opinionem
528 1734 696 1790 Herodotum
712 1733 796 1788 trahit
807 1734 968 1803 Larcherus,
987 1736 1089 1804 aliquot
1106 1742 1165 1790 tan·

167 1812 224 1857 tum
250 1804 355 1858 litteras
378 1821 396 1858 a
413 1805 513 1860 Cadmo
535 1805 655 1857 invectas
677 1802 753 1874 tradi¹
772 1808 871 1869 putans
889 1811 1002 1872 propter
1019 1804 1164 1858 articulum

167 1871 292 1925 omissum
310 1878 372 1926 ante
386 1875 547 1952 γράμματα.
572 1871 684 1938 ρηοᾱι
702 1869 906 1938 diligentissimo
924 1873 982 1927 viro
995 1872 1094 1927 dictum
1106 1873 1164 1926 nol·

167 1939 227 1997 lem.
253 1939 322 1995 Nam
339 1941 460 2010 legitima
477 1941 530 1995 ista
547 1945 589 1994 est
605 1938 712 1993 omissio
731 1939 759 1992 in
771 1954 803 1993 eo
815 1955 903 2008 sensu,
922 1955 1001 2007 quem
1013 1941 1164 2009 sequimur,

166 2007 255 2077 illum,
279 2009 326 2077 qui
347 2009 482 2064 harchero
505 2009 607 2077 placet,
635 2006 747 2063 inferret
779 2006 885 2062 demum
908 2008 1024 2063 adiectio
1048 2008 1163 2062 articuli.

166 2077 263 2145 Taceo,
288 2083 418 2146 quantum
434 2077 591 2132 turbaretur
607 2077 711 2145 reliqua
728 2077 856 2146 narratio,
881 2073 904 2130 si
921 2076 949 2130 in
967 2091 1000 2130 ea
1017 2075 1051 2128 de
1069 2077 1164 2142 paucis

166 2144 324 2212 quibusdam
347 2146 445 2201 litteris
467 2151 599 2225 ageretur.
635 2142 767 2225 Herodoti
788 2144 947 2199 sententiam
970 2142 1066 2222 deinde
1083 2143 1164 2210 pleri-

166 2213 391 2336 titillabit
404 2211 1164 2348 tlltdltllttlttttltillaltltstlta

165 2364 200 2401 ex
218 2349 365 2417 deperditis
383 2348 565 2416 superioribus
583 2349 605 2402 si
623 2364 705 2402 unum
723 2346 884 2402 haberemus
901 2347 1006 2414 Ephori
1024 2361 1162 2400 excessum

164 2416 321 2470 historicum
338 2416 389 2470 hac
398 2415 431 2469 de
443 2431 473 2469 re
484 2415 594 2483 proprie
606 2415 743 2482 scriptum,
762 2415 838 2468 cuius
850 2416 1010 2469 auctoritate
1022 2414 1050 2467 in
1062 2413 1161 2468 Cadmo

164 2484 283 2538 ornando
300 2484 387 2537 utitur
404 2483 525 2538 Clemens
542 2483 620 2536 Alex.
633 2482 728 2537 Strom.
746 2482 767 2535 I.
779 2499 805 2550 p.
819 2486 877 2538 306.
891 2483 924 2536 Ι).
936 2483 1030 2550 Paris,
1047 2481 1161 2536 fortasse

164 2551 243 2618 plura
260 2557 411 2607 commenta
427 2550 504 2606 nobis
521 2549 668 2605 refellenda
686 2555 782 2605 essent.
819 2550 945 2605 Ceterum
961 2551 1036 2605 haud
1054 2551 1108 2604 scio
1126 2565 1161 2604 an

163 2626 264 2673 temere
282 2636 342 2673 cum
359 2619 497 2674 Herodoto
515 2619 710 2687 coniungantur
726 2619 746 2672 ii
763 2619 915 2688 scriptores,
951 2620 979 2673 ui
990 2619 1161 2673 Phoeniciam

163 2687 293 2755 originem
312 2688 386 2757 artis,
403 2703 456 2741 non
468 2688 631 2742 invectorem
643 2686 772 2741 Cadmum
783 2687 900 2741 tradunt.
925 2637 994 2755 flac,
1012 2687 1063 2740 nisi
1074 2686 1160 2754 fallor,

162 2756 293 2822 pertinuit
317 2756 392 2811 locus
410 2755 533 2825 Sophocl.
558 2755 587 2809 in
603 2754 772 2824 Pastoribus,
797 2770 877 2823 quem
895 2757 982 2824 tangit
999 2754 1116 2822 Hesych.
1135 2771 1161 2810 v.

163 2821 308 2891 Φοινικίοις,
329 2825 375 2893 qui
392 2840 455 2878 mox
472 2825 481 2877 i
502 2839 530 2877 se
541 2824 594 2878 hoc
604 2823 701 2878 habet:
718 2823 797 2877 Λυδοὶ
809 2822 853 2875 καὶ
863 2821 955 2884 Ἴωνες
965 2823 999 2876 τὰ
1011 2825 1161 2892 γράμματα

163 2893 215 2945 ἀπὸ
236 2891 355 2953 Φοίνικός
371 2911 443 2952 τινος
460 2899 470 2959 l
487 2893 593 2959 λαβον).

229 2979 265 3044 1⁷)
282 2978 318 3032 Π.
336 2982 377 3033 53.
395 2978 541 3044 Perperam
558 2976 595 3030 ibi
614 2976 725 3031 Wessel.
737 2976 827 3044 verba,
845 2973 921 3029 οὔτοί
930 2977 983 3029 εἰσι
994 2979 1021 3031 οἱ
1032 2977 1159 3046 ποιήσαν-

162 3063 208 3105 τες
225 3046 366 3115 θεογονίην
379 3042 492 3114 Ἕλλησι,
511 3045 549 3099 sic
567 3045 673 3113 accipit,
692 3050 722 3098 ut
740 3045 780 3098 illi
798 3044 851 3098 duo
868 3044 949 3166 primi
960 3047 1073 3098 uersibus
1084 3062 1158 3122 eapo-

160 3115 240 3166 raissc
257 3113 320 3167 theo
340 3113 442 3181 oniam,
466 3129 520 3168 nou
538 3115 679 3166 candidiore
696 3112 828 3167 dicantur.
858 3114 867 3183 [
890 3113 969 3168 robat
987 3112 1158 3180 Wesselingri

160 3181 291 3236 rationem
308 3129 497 3261 &yttenbaeh
514 3180 583 3235 Bibl.
603 3181 649 3235 Gr.
668 3196 695 3249 p.
711 3184 735 3234 6.
752 3197 779 3249 p.
800 3183 890 3252 83sq.]
910 3183 979 3237 Saue
998 3181 1037 3234 ita
1048 3180 1158 3248 ponitur

161 3251 261 3316 ποιεῖν;
279 3248 326 3303 sed
344 3249 451 3304 dahvus
468 3264 496 3301 m
512 3249 565 3303 hac
582 3248 776 3316 significatione
788 3248 865 3305 verbi
877 3251 984 3305 additus
997 3250 1056 3303 luce
1069 3263 1157 3303 exem-

160 3317 265 3383 plomm
283 3318 389 3386 egebat,
406 3316 497 3386 qualia
514 3317 580 3370 mihi
596 3316 704 3386 quidem
721 3317 858 3386 incognita
875 3328 945 3373 sunt.
969 3318 1060 3372 Etiam
1073 3317 1157 3371 Athe-

159 3399 274 3508 31&on
282 3401 355 3507 iguis}
370 3385 460 3506 {2¹11}ss
460 3385 595 3507 ἑθιέἱίἑωίη
612 3385 691 3454 Apol.
710 3400 760 3453 pro
777 3387 839 3444 Chr.
858 3403 884 3455 p.
899 3391 965 3456 129,
983 3387 1092 3441 laudato
1110 3385 1156 3440 illo

356 3470 374 3507 n
596 3470 682 3510 verso.
