2482 3960
520 288 692 340 ...p-

109 437 188 495 natio
208 435 419 509 quodammodo
439 436 559 494 extorsit
571 435 626 494 hoc
639 435 759 507 consilii,
780 440 812 493 ut
826 435 996 508 colligendo,
1018 433 1107 506 quod-

111 528 221 584 cunque
236 517 333 570 textus
346 512 506 570 rationibus
520 510 676 571 ullomodo
689 511 805 583 profore
819 513 974 582 videretur,
989 518 1106 569 strenue

109 605 155 646 me
176 589 213 647 ad
233 588 309 646 hunc
322 589 497 664 recensionis
511 589 638 647 laborem
652 605 794 660 pararem.
836 588 980 660 Quidquid
994 589 1107 645 interea

111 666 167 737 egi,
189 666 244 723 etsi
264 666 399 723 nonnulla
418 681 463 722 me
483 666 555 722 satis
575 670 745 736 occupatum
765 665 918 736 tenebant,
939 665 1106 723 subsecivae

109 757 216 814 operae
244 739 373 812 inerunt3
397 741 552 800 Homerum
572 757 715 812 nunquam
736 740 786 797 diu
806 757 842 798 ex
868 743 961 799 animo
987 747 1017 798 et
1042 757 1108 798 con·

111 823 213 890 spectu
239 818 331 876 amisi.
369 819 444 876 Nam
464 818 587 890 plurima
607 817 739 876 videbam
758 817 827 874 mihi
847 834 903 876 non
924 818 1014 876 solum
1029 817 1107 874 colli-

110 894 206 966 genda
225 893 278 951 sed
298 895 384 952 etiam
405 893 543 952 discenda
570 898 600 952 et
625 894 661 952 ab
687 894 776 951 initiis
801 893 1007 966 pertractanda
1032 909 1106 962 esse,

110 971 217 1042 quippe
237 971 374 1042 quitum,
395 987 482 1042 quum
502 971 624 1043 primum
645 970 774 1043 ederem,
801 970 914 1029 doctam
934 971 1108 1041 interpreta-

110 1047 217 1104 tionem
237 1049 284 1103 vix
303 1047 472 1118 attigissem.
513 1048 615 1117 Itaque
636 1063 753 1104 exorsus
774 1046 810 1104 ab
828 1046 992 1117 Eustathio,
1013 1062 1107 1118 gram-

109 1124 243 1181 maticam
264 1129 377 1195 partem
398 1124 459 1180 eius
480 1122 635 1194 diligenter
655 1123 781 1192 excussi3
809 1140 875 1181 mcx
895 1124 1025 1194 excerpsi
1050 1122 1107 1179 lec-

109 1200 213 1270 tiones,
234 1216 305 1270 quas
325 1200 375 1256 ille
396 1200 495 1256 autin
516 1200 643 1270 vulgatis
666 1200 803 1271 exemplis
824 1200 892 1271 suis,
914 1199 1013 1256 autin
1032 1214 1108 1255 mar·

110 1275 223 1346 ginibus
250 1292 363 1348 eorum,
393 1277 439 1333 vel
465 1276 535 1332 alibi
560 1277 704 1348 reperisse
730 1292 762 1332 se
790 1277 937 1348 proderet.
981 1274 1107 1331 Adiunxi

110 1351 230 1422 deinde,
255 1357 373 1424 praeter
392 1357 491 1409 cetera
510 1359 570 1409 tum
590 1353 709 1422 vulgata
727 1352 854 1423 Scholia,
881 1352 986 1410 bonum
1009 1366 1107 1408 nume-

109 1443 172 1484 rum
192 1428 363 1485 variantium
384 1434 414 1485 et
433 1434 566 1486 notarum
586 1429 679 1486 critici
705 1430 833 1500 generis,
860 1445 931 1500 quas
955 1428 1025 1485 mihi
1050 1426 1107 1484 duo
1181 1467 1184 1471 ,

109 1519 184 1560 nunc
203 1501 442 1562 desideratissimi
463 1505 547 1562 amici
567 1521 602 1561 ex
622 1505 684 1563 cod.
705 1504 850 1576 Lipsiensi
864 1504 995 1562 Paullino
1016 1504 1108 1576 exsig-

110 1586 256 1651 naverant,
277 1581 306 1637 in
325 1597 447 1638 recensu
466 1581 640 1639 Ernestiano
665 1582 794 1639 omissas.
833 1581 935 1639 Paullo
955 1587 1022 1653 post
1041 1596 1108 1652 pro·

110 1655 173 1728 prio
204 1656 299 1714 studio
328 1656 457 1729 pervolvi
486 1657 735 1729 Lexiccgrapbcs,
770 1657 959 1715 Scholiastas'
976 1664 1006 1714 et
1036 1657 1107 1714 alios

70 1728 73 1738 “
111 1731 318 1791 Grammaticos
338 1739 461 1804 veteres,
481 1741 551 1804 tum,
571 1740 657 1806 prout
676 1739 788 1806 tempus
807 1749 901 1792 meum
922 1732 1042 1804 ferebat,
1062 1747 1108 1790 re·

110 1808 202 1879 liquos
228 1810 397 1881 scriptoreS,
425 1813 609 1881 quoscunque
633 1811 722 1866 ullum
747 1811 919 1868 Homericae
945 1811 1107 1882 scripturae

110 1886 264 1956 vestigium
294 1902 410 1943 servare
441 1886 602 1958 sperabam.
651 1887 753 1957 Neque
782 1888 859 1944 inter
891 1887 963 1944 haec
992 1886 1108 1957 neglexi

109 1966 212 2033 poetas
233 1961 369 2034 Graecos,
390 1963 420 2019 in
440 1964 540 2034 primis
560 1962 779 2035 Alexandrinos,
800 1964 975 2020 imitationes
989 1962 1107 2020 Homeri
1150 1972 1153 1977 ·

111 2043 287 2108 consectans,
307 2055 365 2096 non
384 2044 425 2110 ut,
446 2039 587 2110 quomodo
609 2037 695 2097 flores
710 2040 823 2097 olerent
836 2041 865 2095 in
880 2040 1003 2096 alienum
1017 2038 1105 2096 solum

109 2114 251 2182 translati,
272 2115 462 2187 adverterem,
483 2116 538 2173 etsi
558 2116 620 2172 eius
639 2115 735 2186 studii,
756 2130 808 2172 suo
821 2115 885 2172 loco
899 2113 1031 2184 adhibiti,
1051 2130 1107 2171 non
1123 2124 1146 2162 1⁷

111 2190 239 2262 despicio
260 2190 448 2262 elegantiam3
469 2192 521 2249 sed
541 2188 632 2248 sicubi
652 2192 702 2248 isti
715 2207 769 2247 usu
789 2190 940 2248 verborum
958 2195 987 2246 et
1002 2199 1108 2259 genere

109 2266 255 2338 loquendi,
275 2267 313 2324 ad
333 2268 492 2340 principem
512 2268 584 2325 artis
605 2283 675 2324 suae
695 2265 884 2339 conformato,
905 2263 1108 2338 significarent,

111 2342 179 2414 quid
199 2343 229 2400 in
249 2343 365 2414 optimis
386 2343 597 2416 exemplaribus
616 2344 694 2400 illins
714 2343 863 2414 legissent,
884 2349 936 2400 aut
954 2342 1108 2413 legendum

110 2419 168 2490 ipsi
189 2419 376 2476 censuissent.
418 2420 505 2478 Cuius
527 2420 797 2491 animadversionis,
823 2435 860 2477 ne
880 2420 943 2490 quis
965 2435 1028 2476 eam
1048 2420 1109 2477 lon·

112 2496 176 2567 gius
197 2501 348 2567 evagatum
369 2502 461 2568 putet,
482 2498 553 2554 satis
573 2513 707 2568 magnum
727 2494 851 2554 fructum
871 2497 1004 2568 percepi,
1025 2511 1109 2566 prae

111 2572 210 2629 sertim
239 2587 274 2630 ax
299 2572 340 2630 iis.
362 2573 469 2644 poetis,
495 2589 565 2644 quos
586 2572 750 2644 ambiguum
780 2579 825 2630 est
849 2578 987 2645 poetasne
1013 2572 1109 2633 verius

111 2663 148 2705 an
173 2648 352 2707 litteratores
379 2648 515 2706 dicamus¹
555 2649 601 2706 Ita
626 2665 695 2706 vero
719 2649 851 2706 lustratis
877 2648 1054 2707 Graecarum
1080 2653 1110 2704 et

111 2723 281 2781 Latinarum
307 2724 469 2782 litterarum
495 2725 614 2782 latebris
638 2725 784 2796 omnibus,
811 2740 885 2796 quae
910 2725 1022 2797 uspiam
1048 2740 1110 2781 sus·

112 2805 216 2871 ceptae
239 2801 283 2857 rei
310 2801 507 2858 adiumentum
532 2800 735 2872 ostenderent,
766 2801 925 2872 grandique
955 2801 1109 2858 lectionmn

114 2883 143 2934 et
163 2877 328 2934 criticorum
348 2879 526 2935 notationum
552 2883 694 2949 apparatu
720 2883 882 2948 contracto,
909 2877 987 2934 aucti
1012 2891 1109 2933 sumus

111 2951 232 3010 Venetis
246 2952 303 3010 illis
317 2959 347 3010 et
360 2953 629 3012 Vindobonensibus
650 2953 812 3025 praesidiis.
851 2954 949 3011 Novus
969 2952 1015 3009 hic
1035 2966 1110 3008 cam-

112 3045 166 3100 pus
188 3035 305 3102 apertus
325 3044 429 3088 novum
448 3029 576 3087 laborem
596 3029 703 3087 obiecit
722 3030 751 3086 in
769 3030 807 3086 iis
826 3029 912 3101 ipsis,
933 3045 1007 3100 quae
1028 3027 1110 3086 abso·

112 3106 175 3163 luta
193 3111 336 3178 putaram.
375 3106 516 3164 Videbam
537 3107 611 3162 enim
631 3106 735 3164 bonam
754 3111 866 3178 partem
884 3104 1032 3164 conlectae
1046 3105 1110 3161 viae

111 3181 182 3239 mihi
202 3181 363 3239 iterandam
384 3199 462 3254 esse,
486 3187 519 3240 ut
538 3183 660 3254 primam
680 3197 802 3241 messem
823 3197 886 3240 cum
906 3181 986 3239 novis
1007 3179 1109 3252 opibus

113 3257 330 3329 contenderem,
351 3265 395 3329 et,
422 3260 448 3316 si
467 3256 542 3316 forte
562 3257 671 3330 aliquid
691 3258 762 3316 utile
782 3264 868 3316 antea
887 3274 940 3328 pro
961 3257 1041 3327 spico
1061 3270 1111 3312 ne·

113 3350 199 3406 qnam
218 3335 392 3407 omisissem,
419 3335 449 3393 id
475 3351 510 3392 cx
535 3335 717 3393 contentione
736 3334 844 3392 rectius
864 3333 1047 3391 aestimatum
1066 3347 1110 3388 re·

112 3410 331 3483 prehenderem.
372 3411 436 3481 Qua
455 3411 484 3468 in
505 3426 595 3483 opera
621 3427 677 3482 quo
703 3425 874 3482 progressus
899 3425 961 3466 sum
986 3409 1110 3480 longius,

113 3502 148 3546 eo
168 3487 328 3546 mirabilius
348 3488 456 3544 sentire
476 3488 557 3561 coepi
578 3486 615 3544 de
634 3487 810 3545 Venetorum
829 3485 1007 3544 scholiorum
1027 3499 1111 3558 prae·
