2482 3960
518 317 695 371 ..01-

98 462 306 538 propositoffi),
332 464 370 522 ad
399 464 492 523 levem
516 470 666 536 quaestum
693 464 818 523 deducta
838 465 946 523 eviluit.
985 466 1092 524 Verum

98 541 155 600 hoo
173 541 261 598 alias:
281 556 356 599 nunc
375 542 447 599 illud
466 558 646 613 quaeramus,
667 547 763 600 utrum
784 557 819 600 ex
837 542 912 602 libro
932 559 969 600 an
987 559 1092 601 memo-

99 617 171 676 riter
198 617 354 676 cecinerint
378 618 529 691 rhapsodi,
556 623 586 676 et
610 619 688 690 quali
712 617 915 678 discendorum
935 619 1098 678 carminum

99 683 185 753 medo
210 693 256 750 usi
274 693 344 766 sint,
364 695 478 766 quando
502 694 575 754 libro
599 712 656 754 non
675 695 823 754 habereut.
855 696 919 768 Qua
933 698 1004 754 inre
1017 712 1100 755 nemo

99 770 157 828 nisi
175 770 282 828 veteris
302 770 443 830 Graeciae
462 772 548 845 plane
568 771 673 844 hospes
695 771 815 845 dubitet,
836 774 905 844 quin
923 774 967 830 illi
985 787 1093 832 memo-

99 847 174 905 riter
197 847 450 920 pronunciaverint
469 848 578 907 omnia:
611 849 654 907 ita
677 849 735 907 iam
754 846 883 907 fecerant
901 850 990 922 prisci
1009 856 1094 908 vates

100 939 209 996 omnes,
228 923 315 982 trium
333 923 493 997 Musarum,
513 921 651 1003 Μελέιης.
676 921 801 1003 Μνήμης,
824 919 935 1005 heedir,
954 926 1095 997 cultores;

101 1000 171 1072 quin
191 999 285 1058 adhuc
304 1000 431 1060 Socratis
456 1007 567 1074 aetate,
594 1017 681 1073 quum
706 1003 815 1075 scripta
836 1003 1013 1074 exemplaria
1031 1002 1090 1061 Ho·
1117 1011 1154 1048 101

100 1077 173 1135 meri
190 1092 211 1134 a
229 1077 382 1149 rhapsodis
410 1079 532 1137 maxime
552 1078 845 1150 conquirerenturffl),
870 1079 935 1151 ipsa
958 1079 1090 1137 recitatio
1203 1131 1205 1135 ,

100 1169 159 1214 non
178 1159 223 1212 est
241 1152 320 1212 faeta
339 1153 376 1213 de
395 1154 558 1228 seripto⁷⁰).

121 1293 125 1303 ,
178 1229 284 1304 Stupes
303 1229 428 1290 fortasse
448 1231 486 1290 ad
505 1237 615 1291 tanam
629 1232 820 1304 capacitatem
833 1231 996 1304 memoriae,
1017 1247 1090 1303 quae

100 1311 193 1366 totum
212 1307 369 1366 Homerum
389 1309 540 1381 complecti
558 1310 705 1383 potuerit?
723 1307 798 1366 Mihi
817 1325 885 1368 vero
899 1309 929 1366 id
943 1309 1029 1367 etiam
1043 1325 1094 1380 pa-

100 1399 165 1441 rum
184 1382 313 1456 videtur,
338 1385 484 1457 multoque
504 1386 588 1458 plura
606 1401 807 1457 nonnunquam
825 1385 915 1444 bonos
933 1385 1094 1458 rhapsodos

101 1459 230 1518 tenuisse
250 1461 388 1533 suspicor.
428 1462 545 1520 Etenim
570 1463 596 1520 si
621 1463 709 1521 etiam
734 1467 808 1534 tum,
835 1478 921 1533 quum
941 1463 1091 1534 multiplex

102 1535 243 1608 doctrina,
263 1537 301 1596 ad
313 1538 466 1596 lectionem
485 1538 623 1597 librorum
636 1544 780 1611 revocata,
801 1539 1032 1609 cultissimaeque
1052 1540 1092 1595 vi-

101 1617 151 1671 tae
170 1615 288 1686 negotia
307 1613 468 1674 obruebant
480 1616 654 1687 memoriam,
672 1614 795 1674 Athenis
807 1614 925 1673 fuerumt
936 1614 1096 1673 liberaliter

103 1688 228 1762 educati,
248 1691 297 1763 qui
317 1691 479 1749 universam
492 1691 586 1751 Iliada
600 1697 630 1750 et
640 1692 799 1764 Odysseam
812 1691 1003 1763 tenerent⁷¹);
1024 1690 1092 1762 quid

103 1766 226 1838 ambigis
246 1766 283 1825 de
302 1767 338 1824 iis
357 1767 527 1840 hominibus,
548 1770 596 1841 qui
615 1769 645 1825 in
664 1770 718 1828 tali
736 1785 769 1827 re
789 1768 905 1827 assidue
926 1784 1043 1840 operam
1056 1768 1097 1826 lo-

103 1842 219 1914 cabant,
239 1849 269 1902 et
287 1844 344 1902 illis
361 1845 392 1901 in
405 1846 537 1918 saeculis,
558 1846 607 1904 ubi
620 1846 735 1905 brevior
748 1846 825 1905 orbis
840 1845 1041 1904 discendorum
1055 1845 1097 1901 in-

103 1920 196 1992 geniis
211 1921 293 1991 quasi
306 1921 479 1980 vacuitatem
492 1922 589 1994 dabat,
604 1923 821 1995 sapientiaeque
840 1920 917 1980 fama
933 1923 1019 1994 longe
1032 1921 1096 1979 aliis

103 1995 207 2054 studiis
227 1996 404 2068 parabatur‘l
426 1998 520 2069 Quid?
540 1999 667 2070 Platon)
687 1999 802 2070 quidem
820 2004 907 2071 atque
921 1999 971 2056 alii
982 2003 1096 2056 veteres
1118 2011 1155 2050 rea

101 2072 266 2146 philosophi
278 2073 487 2148 iudicaverunt,
506 2077 581 2134 hane
593 2073 760 2134 facultatem
773 2076 861 2134 animi
873 2075 965 2133 nostri
976 2074 1096 2132 metien-
1175 2145 1179 2149 .

102 2149 170 2208 dam
183 2166 240 2208 non
254 2165 318 2208 esse
331 2167 430 2210 eorum
443 2157 603 2224 temporum
616 2151 740 2223 modulo,
760 2168 846 2223 quum
859 2155 1017 2223 apparatus
1031 2149 1096 2207 sub·

102 2225 241 2285 sidiorum
253 2227 331 2284 illius
345 2228 486 2286 culturam
499 2228 665 2300 impediret;
684 2229 815 2286 inventas
828 2228 941 2286 litteras
954 2224 1096 2299 profuisse

31 2356 33 2359 ,
103 2301 278 2376 disciplinis,
304 2304 356 2362 sed
376 2303 503 2364 obhuisse
523 2304 709 2376 discentibus,
729 2304 802 2363 adeo
827 2309 860 2361 ut
879 2319 953 2374 quae
972 2303 1099 2361 inventio

102 2378 282 2438 medicamen
300 2382 456 2441 memoriae
477 2382 556 2441 dieta
576 2387 662 2455 esset,
683 2380 784 2458 eadem
803 2397 860 2440 non
873 2380 1014 2439 immerito
1027 2395 1102 2438 noxa

171 2593 208 2660 68)
224 2592 255 2646 Io
274 2609 316 2660 ap.
334 2592 402 2646 Pht.
425 2608 452 2661 p.
467 2598 526 2648 535.
544 2593 578 2646 E.
613 2591 669 2646 Ἐὰν
692 2593 741 2657 μὲν
765 2593 906 2652 κλαίοντας
928 2592 1024 2652 αὐτοὺς
1049 2610 1102 2643 κα·
1198 2596 1200 2600 ’

102 2659 186 2728 dioro,
211 2660 293 2720 αὐτὸς
309 2661 472 2730 γελάσομαι,
498 2661 631 2732 ἀργύριον
650 2661 813 2726 λαμβάνων·
832 2660 879 2712 ἐὰν
898 2662 930 2713 δὲ
946 2661 1101 2729 γελῶντας,

103 2727 186 2788 αὐτὸς
202 2729 360 2795 κλαύσομαι,
379 2729 512 2799 ἀργύριον
532 2729 657 2789 ἀπολλύς.

172 2814 208 2881 ⁶⁹)
225 2814 350 2884 Xenoph.
367 2814 405 2868 M.
425 2814 451 2870 S.
468 2814 515 2884 1v,
533 2818 558 2883 2,
579 2819 618 2868 10.

173 2901 207 2967 ⁷⁰)
224 2900 336 2968 Ineptus
352 2898 446 2954 videor
462 2900 527 2953 mihi
544 2900 610 2969 ipse,
628 2900 675 2968 qui
691 2900 757 2953 talia
775 2898 891 2952 doceam.
921 2896 973 2950 Sed
985 2910 1019 2949 ne
1030 2894 1096 2948 illud

103 2967 211 3036 quidem
228 2968 345 3022 assecuti
363 2973 424 3021 sunt
441 2967 531 3035 multi3
542 2968 622 3023 immo
641 2985 675 3022 ex
683 2966 802 3020 Platonis
810 2966 875 3020 Ione
887 2963 1018 3033 opinionis
1030 2979 1095 3042 suae

100 3034 266 3104 praesidium
285 3042 435 3104 captarunt,
461 3035 508 3089 ubi
525 3042 615 3090 amen
633 3034 766 3103 rhapsedo
784 3033 899 3087 maxime
916 3046 1094 3086 necessamum

102 3118 163 3158 esse
181 3101 280 3158 dieitur
296 3107 416 3157 memoria
432 3107 516 3157 velere
533 3120 560 3172 p.
573 3109 623 3159 539
644 3103 685 3184 E,
704 3103 823 3170 nihilque
839 3101 912 3156 aliud
926 3101 1003 3168 inest,
1021 3098 1093 3167 quod

102 3171 139 3227 ad
157 3186 234 3225 usum
257 3171 449 3240 exemplarium
467 3177 578 3240 spectet.
615 3173 737 3240 Demque
755 3171 837 3237 adde,
861 3169 934 3238 qued
951 3169 979 3221 in
996 3167 1093 3233 verbis,

102 3238 201 3320 quibus
217 3239 412 3307 rhapsodorum
429 3240 552 3294 recitatio
564 3246 681 3308 notatur,
699 3239 800 3293 nullum
809 3244 858 3306 est,
876 3237 948 3306 quod
959 3236 1022 3288 illuc
1033 3250 1093 3301 per·

101 3314 197 3362 tameat.
231 3307 331 3362 Dicunt
348 3308 446 3362 Graeci
463 3307 496 3362 de
515 3323 548 3362 ea
565 3307 650 3380 ᾄδειν,
673 3307 799 3374 ψάλλειν,
817 3306 967 3376 ’μελῳδεῖνᾈ
990 3319 1093 3370 μνημο-

103 3375 201 3440 νεύειν,
221 3376 408 3446 ἀπαγγέλλειν,
427 3377 584 3442 διατιθέναι,
608 3376 712 3440 similia‚
735 3390 866 3444 nusquam
882 3370 1091 3440 ἀναγιγνώσκειν

103 3450 151 3499 aut
168 3444 361 3513 ἀναλέγεσθαι.

175 3529 352 3598 ⁷1)Xenoph.
371 3527 492 3598 Sympos.
511 3530 561 3599 III,
579 3535 603 3584 5.
673 3531 709 3597 ⁷²)
725 3529 758 3582 In
775 3526 898 3583 Phaedro
916 3540 942 3594 p.
960 3528 1019 3582 274.
1036 3523 1069 3579 Ε.
