2482 3960
513 309 689 362 ..63-

97 460 315 540 parridum,
342 464 441 518 dicem
456 466 567 529 portes.-
591 457 657 514 binc
676 455 853 529 διδάσκαλοι,
872 455 1100 532 ὑποδιὸάσκαλοι,

103 537 350 606 ἀντιδιδάσκαλοι,
376 530 707 611 διθυραμβοδιδάσκαλοι
727 541 757 593 et
776 536 834 594 alia
852 535 1100 611 huiuscemodib).

105 615 256 685 Nimirum,
277 621 310 672 ut
330 613 545 680 chironomiam,
564 616 597 668 ut
609 611 734 682 reliquos
748 617 841 672 motus
855 615 992 685 corporis,
1013 620 1046 672 ut
1058 620 1101 674 to·
1115 621 1152 660 104

103 697 164 750 tam
184 692 367 750 saltationem
392 694 505 748 actores
534 687 687 746 discebant
711 688 851 761 adspectu
870 697 1102 762 praemonstran-

103 769 176 825 tium
196 768 408 840 magistrorum
429 767 472 822 ita
492 766 579 822 etiam
599 764 696 837 verba,
716 767 902 838 praecinente
921 769 985 839 ipso
1005 773 1101 840 poeta,

101 845 265 917 auditione,
286 861 357 916 non,
385 845 459 901 sicut
478 841 578 913 hodic,
606 857 622 898 e
645 841 752 900 libellis
773 843 960 915 arripiebant.
999 845 1101 917 Itaque

104 921 161 980 boc
181 921 314 980 instituto
334 921 379 980 usi
399 919 535 977 videntur
547 918 694 990 rhapsodi,
714 924 747 976 ut
760 920 835 978 alter
848 920 970 978 alterum
984 920 1103 979 doceret

100 1013 208 1071 coram,
229 1015 296 1056 mox
316 998 485 1056 exercitatio
507 1000 537 1052 et
556 993 691 1066 frequens
710 997 843 1056 recitatio
864 1002 957 1054 artem
973 1004 1101 1070 pararet.

99 1075 204 1146 Neque
224 1090 294 1132 sane
314 1080 374 1146 est,
401 1073 478 1145 quod
498 1072 572 1129 hanc
591 1073 732 1130 rationem
751 1073 959 1131 incommodam
979 1075 1025 1132 vel
1044 1090 1102 1132 me-

101 1152 213 1210 moriae
232 1151 427 1210 molestiorem
449 1155 585 1223 putemus
606 1148 661 1205 hac
679 1154 793 1207 nostra:
822 1156 901 1207 certe
925 1151 956 1208 id
979 1150 1100 1222 quisquc

102 1227 187 1286 nobis
208 1227 359 1299 concedet,
388 1243 452 1285 eam
481 1243 538 1284 non
562 1226 693 1298 potuisse
717 1241 774 1284 non
797 1227 887 1285 multo
913 1225 1102 1286 efficaciorem

102 1319 168 1362 esse
192 1304 230 1362 ad
256 1305 393 1378 optimam
423 1304 691 1375 pronunciationem
711 1309 798 1373 atque
817 1303 969 1363 verborum
989 1310 1103 1363 senten-

101 1381 266 1452 tiarumque
287 1381 412 1439 omnium
433 1396 531 1437 veram
551 1381 608 1437 vim
629 1384 658 1436 et
678 1396 778 1438 sonum
788 1381 1007 1451 assequendum.
1037 1381 1103 1439 Huc

99 1456 224 1529 accedit,
245 1456 321 1529 quod
342 1457 484 1515 acerrima
503 1456 599 1514 studia
621 1456 785 1515 auditorum
798 1473 862 1514 cum
882 1475 991 1516 summo
1005 1475 1102 1517 amore

101 1533 281 1593 domesticae
307 1534 445 1592 historiae
471 1535 501 1590 in
522 1534 646 1604 antiquis
667 1526 761 1589 ἔπεσιν
780 1533 857 1591 haud
878 1533 964 1592 dubie
984 1551 1102 1607 operam

101 1611 189 1668 istam
212 1608 328 1669 facilem
348 1616 378 1668 et
400 1610 560 1667 iucundam
581 1608 752 1667 efficiebant.
786 1611 866 1680 Quae
880 1611 984 1683 omnia,
1005 1627 1041 1668 ex
1053 1612 1102 1670 illo

100 1703 167 1744 rum
192 1692 357 1760 temporum
384 1686 508 1758 ingeniis
529 1702 563 1744 ac
582 1687 708 1744 moribus
730 1687 908 1759 existimata,
933 1688 1027 1745 locum
1046 1704 1103 1746 non

107 1763 273 1836 relinquunt
293 1763 476 1835 dubitationi,
498 1764 546 1835 qui
565 1761 628 1820 fieri
648 1764 776 1836 potuerit
794 1764 875 1836 illud,
900 1764 976 1835 quod
996 1762 1102 1823 factum

107 1855 173 1898 esse
192 1840 348 1900 historicae
367 1840 494 1898 rationes
514 1841 705 1913 pervicerunt.

543 2053 665 2129 XXV.

185 2223 267 2281 Haec
287 2228 385 2281 autem
407 2227 555 2297 reputanti
579 2225 648 2283 mihi
661 2224 846 2283 vehomenter
860 2238 957 2282 errare
969 2222 1103 2280 ridentur

100 2298 135 2368 ii,
156 2300 204 2370 qui
223 2304 328 2371 putant
348 2300 453 2359 litteris
475 2318 531 2359 non
551 2318 633 2360 usum
653 2301 810 2359 Homerum
830 2301 928 2358 statim
947 2305 1039 2359 totum
1052 2301 1103 2357 im-

105 2377 212 2433 mutari
238 2382 268 2434 et
293 2377 338 2433 sui
366 2377 532 2436 dissimilem
559 2378 645 2436 reddi
665 2393 783 2436 necesse
802 2374 901 2435 fuisse.
939 2377 973 2435 ld
994 2377 1104 2435 scilicet

112 2451 256 2511 effecisset
275 2469 350 2525 vaga
370 2453 488 2527 auditio,
509 2472 566 2514 non
585 2456 716 2528 legitima
730 2455 844 2514 etbene
857 2456 1015 2528 composita
1028 2452 1103 2510 διδα-

109 2527 223 2584 σκαλία.
263 2528 468 2588 Verumtamen
492 2532 548 2604 ipsi
573 2538 686 2590 veteres
712 2550 730 2591 a
755 2531 908 2604 rhapsodis
931 2530 1153 2604 repetebantur

109 2605 253 2677 originem
272 2607 416 2665 variarum
436 2609 599 2681 lectionum,
619 2611 649 2666 in
663 2625 817 2681 corumque
831 2608 1003 2667 creberrimo
1017 2612 1104 2666 cantu
1147 2646 1149 2650 .

112 2683 300 2755 praecipuum
324 2681 432 2742 fontem
457 2685 594 2743 videbant
613 2687 803 2758 corruptionis
824 2690 854 2744 et
873 2686 1103 2757 interpolationis

103 2757 285 2816 Homericae.
330 2758 426 2832 Atque
452 2761 507 2821 hoc
527 2763 678 2835 iudicium,
704 2763 740 2820 ab
764 2762 967 2819 Alexandrinis
988 2761 1102 2819 Oriticis

110 2832 323 2908 prolectant),
345 2837 485 2895 eiusmodi
507 2844 560 2911 est,
585 2844 618 2896 ut
638 2845 742 2896 natura
761 2839 804 2896 rei
825 2839 999 2908 cogitantem
1018 2835 1102 2894 facile

98 2910 203 2970 eodem
216 2912 366 2984 perducat.
386 2914 488 2986 Neque
503 2917 578 2972 enim
588 2931 624 2972 ne
635 2915 818 2973 tenacissima
828 2913 943 2985 quidem
953 2915 1101 2981 memoria,

168 3088 205 3150 ⁷⁵)
223 3087 288 3144 Post
315 3105 360 3157 ea,
386 3105 455 3156 quae
481 3105 514 3145 ex
537 3091 669 3158 Harpocr.
692 3096 719 3144 et
736 3090 852 3158 Hesych.
869 3107 894 3143 v.
912 3090 1069 3150 διδάσκαλος
1085 3106 1101 3144 a

103 3155 237 3209 nonnullis
255 3157 319 3212 viris
337 3158 422 3212 doctis
439 3158 565 3226 breviter,
585 3166 613 3212 et
630 3175 646 3213 a
665 3159 776 3213 casaub.
795 3159 823 3211 in
840 3158 939 3212 Athen.
955 3158 1002 3226 VI,
1020 3163 1044 3213 7.
1063 3156 1101 3212 di-

104 3221 282 3277 dascaliarum
301 3240 383 3284 causa
400 3232 494 3281 notata
512 3233 581 3294 sunt,
599 3243 686 3296 nemo,
710 3227 782 3295 quod
800 3225 889 3293 sciam,
912 3226 940 3278 in
958 3226 1027 3279 hanc
1044 3241 1101 3280 rem

103 3297 230 3368 accurate
248 3293 394 3361 inquisivit,
413 3301 605 3365 exspectatque
624 3312 656 3350 ea
673 3295 761 3351 adhuc
775 3296 864 3348 lucem
882 3309 956 3347 snam
967 3311 1027 3348 cum
1035 3295 1099 3348 mul-

105 3363 141 3412 trs
158 3359 226 3428 aliis,
244 3377 313 3429 quae
329 3362 365 3416 ad
383 3361 460 3416 ludos
478 3365 599 3419 scenicos
617 3365 779 3419 Graecorum
796 3363 938 3431 pertinent.

96 3529 116 3566 n
141 3446 364 3585 3έ6)[ἒθέἒῗιιιιιι
382 3463 425 3515 ap.
444 3448 555 3517 Joseplr.
575 3455 695 3505 extremo
705 3449 772 3518 loco,
790 3464 870 3517 quem
880 3462 962 3515 supra
970 3447 1100 3517 descripsi
