2482 3960
551 266 832 337 ...g..'

136 426 389 501 praestantiorem,
408 428 557 500 multoque
574 430 676 487 melius
690 437 842 491 servatam.
881 430 977 502 Atque
989 430 1044 490 bac
1058 438 1139 491 ntra-

136 518 207 575 que,
235 507 266 562 et
286 501 399 562 Graeca
423 509 453 562 et
471 503 630 574 Hebraico,
655 503 802 578 farragine
829 506 1034 580 comparanda,
1061 525 1138 567 nunc

136 578 251 637 demum
275 579 362 637 altius
388 581 553 652 perspicere
578 581 691 654 licebit,
722 599 740 641 a
766 584 869 654 quibus
892 585 1041 657 principiis
1067 585 1136 644 olim

135 655 227 714 omnis
247 655 411 715 emendatio
430 656 568 715 librorum
590 662 619 716 et
639 659 741 716 critica
761 676 808 717 ars
833 659 964 732 profecta
991 661 1044 733 sit,
1070 677 1136 719 cum

135 731 201 790 aliis
221 732 308 790 rebus
328 732 483 805 pluribus,
500 733 608 804 quibus
629 735 778 794 litteratae
803 737 985 807 antiquitatis
1010 738 1137 809 cognitio

136 808 315 867 continetur:
336 809 382 866 oui
402 809 498 869 studio
521 810 609 868 etiam
629 809 667 868 ad
687 812 905 883 intelligendum
919 819 1035 885 poetam
1048 829 1136 886 saepe

135 884 201 957 plus
222 882 375 957 debemus,
401 901 487 956 qnam
506 886 553 944 bic
572 887 651 945 locus
672 889 778 961 capiat.
818 887 901 960 Quod
922 895 1019 948 autem
1038 891 1137 962 impri-

136 961 190 1018 mis
211 961 338 1020 notabile
353 967 406 1034 est,
422 967 452 1022 et
464 961 583 1021 Venetis
597 962 642 1021 bis
656 963 739 1023 codd.
753 964 887 1022 eximium
900 965 1024 1037 pretium
1039 966 1139 1038 addit;

138 1037 302 1110 accepimus
322 1038 352 1095 in
372 1038 428 1096 illis
448 1045 576 1098 normam
597 1045 627 1098 et
647 1041 729 1112 quasi
749 1041 896 1109 amussim,
924 1041 961 1099 ad
982 1058 1066 1112 quam
1090 1058 1138 1101 co·

137 1113 233 1172 dicum
253 1119 429 1185 nostrorum,
452 1121 482 1173 et
501 1131 600 1174 eorum
621 1118 669 1188 qui
689 1117 810 1189 posthac
830 1115 1025 1190 conferentur,
1046 1120 1139 1189 quali-

137 1195 182 1249 tas
204 1196 234 1249 et
253 1191 379 1251 conditio
398 1190 519 1249 firmiter
539 1193 616 1264 exigi
634 1193 736 1266 possit.

167 1275 169 1280 '
194 1266 270 1324 Illud
289 1267 347 1325 iam
366 1283 442 1326 nuuc
454 1283 506 1326 uos
521 1267 619 1327 docuit
631 1285 700 1327 usus
721 1269 901 1341 variantium,
922 1285 992 1340 quas
1008 1286 1043 1328 ex
1056 1271 1138 1342 quin·
1204 1338 1208 1352 ι

99 1360 124 1400 rc
140 1359 196 1415 que
210 1341 292 1402 codd.
306 1342 575 1403 Vindobonensibus
596 1345 688 1403 edidit
700 1345 827 1418 Alteros,
849 1347 891 1403 vir
911 1346 1093 1405 doctissimus
1108 1354 1138 1405 et

139 1417 289 1478 indelessa
307 1420 459 1478 industria.
500 1420 557 1478 Sed
577 1420 632 1479 hae
657 1423 809 1494 lectiones,
834 1439 899 1480 oum
918 1422 1037 1481 Venetis
1062 1429 1139 1482 cete·

135 1496 233 1568 risque
254 1497 345 1569 copiis
365 1503 566 1570 comparatae,
586 1498 656 1555 mibi
675 1514 777 1570 parum
798 1500 861 1572 spei
880 1499 1054 1571 relinquunt,
1075 1498 1137 1558 iore

136 1578 170 1630 ut
189 1571 227 1630 ad
246 1572 340 1631 Iliada
359 1573 476 1644 quidem
496 1590 532 1632 ex
551 1573 698 1633 codicibus
717 1575 809 1633 multa
827 1592 902 1635 nova
922 1581 952 1633 et
979 1577 1138 1648 praecipua

138 1664 260 1721 usquam
287 1649 438 1723 prodeant
478 1650 552 1709 Nam
578 1650 635 1723 ipsi
658 1652 792 1710 meliores
817 1652 884 1710 libri
903 1651 1138 1711 vindobonenses

136 1726 207 1784 nibil
240 1725 319 1784 aliud
351 1724 414 1784 iere
443 1727 500 1784 nisi
525 1728 642 1799 cognita
666 1733 697 1785 et
721 1727 792 1786 alibi
814 1733 934 1800 reperta
962 1726 1137 1799 confirmant,

137 1818 225 1875 quum
256 1817 292 1861 ex
317 1803 354 1860 iis
379 1809 534 1877 appareat,
560 1818 634 1874 quae
660 1803 799 1861 lectiones
829 1796 1136 1874 aliouissposteriorcm

134 1884 296 1952 temporum
311 1877 504 1938 Grammatico
523 1879 570 1937 val
588 1878 707 1938 librario
721 1878 958 1951 praestabiliores
973 1880 1054 1936 visae
1069 1880 1133 1937 sint.

136 1953 303 2032 {lmusmodi
322 1957 511 2015 auctoritates
533 1955 667 2026 quoniam
686 1970 741 2012 nec
761 1955 843 2027 ipsae
863 1969 917 2027 per
936 1971 983 2026 se,
1009 1971 1062 2013 nec
1085 1973 1136 2013 uu-

135 2047 231 2090 merus
252 2036 283 2091 et
300 2032 454 2093 multitudo
474 2047 573 2090 aarum
594 2030 749 2103 quidquam
771 2031 909 2089 momenti
927 2029 1030 2102 laoiat,
1050 2049 1136 2104 prae-

136 2110 237 2168 sertim
257 2108 282 2168 si
300 2125 358 2170 non
376 2109 550 2181 nominatae,
571 2113 720 2167 auctorum
741 2109 884 2181 gravitate
904 2107 1136 2179 careantqhaud

136 2187 233 2260 paullo
253 2187 318 2260 plus
338 2201 522 2245 accessurum
541 2191 641 2258 putem
659 2184 727 2242 huic
745 2184 901 2257 apparatui
920 2184 1089 2255 lectionum,
1110 2186 1136 2241 si

134 2263 190 2321 viri
214 2261 293 2322 docti
317 2264 403 2336 plura
428 2263 578 2323 Glossaria
604 2267 634 2320 et
659 2260 775 2320 Scholia
805 2260 916 2319 inedita
947 2262 1134 2331 excusserint,

135 2354 221 2411 quam
241 2339 266 2397 si
285 2355 337 2398 uos
357 2339 515 2397 ditaverint
534 2338 634 2396 decem
654 2337 700 2395 vel
719 2337 821 2409 viginti
850 2352 987 2394 novorum
1006 2335 1136 2394 codicum

135 2414 295 2488 scripturis.
335 2414 442 2486 Quidni
461 2420 558 2471 autem
578 2412 650 2470 illud
669 2413 754 2470 unius
774 2412 894 2470 Homeri
914 2412 1009 2482 gratia
1028 2428 1137 2484 operae

137 2491 261 2565 pretium
285 2491 344 2550 sit?
364 2488 484 2563 ‚quando
508 2489 630 2548 aliorum
653 2488 792 2547 librorum
817 2493 961 2560 veterum,
989 2504 1135 2546 sacrorum

137 2567 267 2640 quidem,
293 2567 394 2626 critica
417 2566 574 2625 illustratio
599 2563 753 2623 admodum
773 2579 867 2636 nuper
885 2569 930 2623 tot
949 2580 1039 2636 equos
1058 2565 1136 2623 viros

137 2645 275 2717 exercuit,
295 2644 374 2718 ipsos
388 2642 462 2702 adeo
475 2641 612 2714 Europae
625 2639 696 2699 fines
712 2656 838 2712 egressa,
858 2646 1027 2712 tantumque
1040 2640 1138 2699 hausit

136 2736 323 2793 nummorum,
344 2735 465 2793 quorum
484 2719 573 2776 tertia
591 2722 676 2790 parte
696 2732 809 2790 pauper
821 2716 964 2776 Homerus
985 2723 1137 2776 contentus

119 2803 225 2864 esset.
272 2797 357 2856 Nunc
382 2796 433 2855 ille
458 2794 553 2853 adhuc
577 2794 782 2853 Kennicottum
808 2808 890 2851 suum
916 2799 1078 2865 exspectat,
1104 2800 1139 2851 ut

137 2873 262 2946 denique
288 2878 414 2946 constet,
440 2871 509 2944 qnid
535 2871 649 2930 omnino
674 2870 705 2927 io
730 2868 890 2943 deperditis
920 2869 1136 2941 numerandum,

137 2951 218 3010 ouius
239 2949 334 3009 adbuc
353 2949 436 3022 quasi
456 2963 492 3006 ex
512 2946 673 3019 quisquiliis
693 2944 866 3006 corradeudi
879 2960 946 3018 spes
959 2946 1072 3018 reliqua
1085 2946 1138 3003 sit.

612 3126 657 3200 V.

197 3255 352 3330 Gaudcbo,
372 3255 397 3314 si
416 3253 506 3316 falsus
526 3253 620 3315 luero:
645 3255 716 3314 mibi
735 3274 803 3318 vero
823 3260 934 3332 paratis
962 3252 1065 3332 opibus
1090 3267 1138 3309 80·

98 3358 124 3397 rs
139 3332 343 3407 quiescendum
362 3332 485 3406 putenti,
506 3347 593 3404 quum
613 3330 762 3404 Odysseae
781 3336 894 3394 mutum
914 3352 1002 3396 noros
1022 3328 1136 3387 codices

138 3425 317 3482 quaererem,
337 3409 436 3469 statim
455 3408 493 3469 ab
513 3424 548 3468 oo
567 3414 706 3484 tempore,
727 3426 783 3483 quo
796 3417 885 3485 poeta
898 3413 1019 3486 primum
1039 3407 1070 3463 in
1081 3403 1138 3462 bac

138 3486 211 3547 urbo
230 3486 296 3546 usui
315 3486 477 3546 scholarum
496 3490 656 3560 aptaretur,
676 3485 741 3559 ipsa
759 3494 829 3547 tuno
849 3504 935 3548 curae
954 3502 1037 3548 moso
1056 3479 1138 3539 iesti-
