2482 3960
604 302 781 354 -66-

193 447 341 506 commode
355 447 464 506 absolvi
478 447 582 540 potuit
608 447 642 504 In
656 447 721 506 eliis
737 446 978 520 Carminibus,
934 453 978 506 ut
991 447 1021 505 in
1035 445 1201 528 Καταλόγῳ

193 524 275 592 νεῶν,
294 524 324 580 ιιι
344 520 429 599 Koloi
437 521 538 614 pepp,
559 530 652 581 artem
673 523 812 596 rhapsodi
832 529 992 658 spectatam
1011 530 1096 598 puto,
1118 543 1201 617 prse-

193 600 322 658 sertim
313 616 342 656 ιιι
362 600 500 671 legitimis
520 600 793 671 certamtminibusmut
806 617 870 659 cum
883 601 988 659 ceteris
1002 607 1075 674 epte
1089 604 1201 663 coirent

193 681 223 734 et
243 675 396 748 elegans‘
378 673 461 766 ράφη
482 674 659 735 efficeretur:
679 678 709 733 in
731 693 788 748 quo
809 683 906 736 tamen
918 677 996 735 haud
1010 678 1104 737 dubie
1118 681 1201 753 plura
1230 736 1233 741 .

192 769 247 824 per
266 753 383 811 saecula
401 753 474 810 nihil
496 759 606 811 certum
628 758 659 812 et
680 758 814 812 constans
834 752 876 811 fur
869 755 897 826 ’,ι
918 769 1004 843 quum
1016 770 1067 813 ιιι
1082 757 1201 817 modos

192 829 263 887 locis
291 845 326 887 ao
350 835 428 904 temp
430 830 527 888 oribus
557 829 632 888 recit
619 830 716 902 tandi,
742 831 827 890 modo
847 830 912 889 ab'
903 829 1073 903 mgenioet
1041 833 1199 894 etiudicio

193 904 403 979 rhapsodorum
409 849 573 980 ppenderet.

624 1082 767 1156 XXVI.

140 1257 178 1297 109
269 1229 351 1288 Haec
365 1231 468 1300 omnia,
490 1245 564 1301 quae
579 1233 714 1287 accurate
731 1229 852 1302 exposui
865 1227 927 1285 det
914 1231 1047 1299 tempore
1060 1234 1199 1303 receptae

192 1307 316 1379 primum
341 1305 419 1378 apud
445 1306 573 1364 Graecos
602 1306 780 1376 scripturae,
806 1304 843 1361 de
862 1304 958 1377 prisco
977 1304 1199 1392 peragendorum
1235 1368 1237 1375 ,

193 1381 462 1472 prodendorumque
476 1382 639 1440 Carminum
653 1397 742 1453 more,
757 1381 793 1438 de
804 1379 966 1453 rhapsodis,
979 1381 1078 1440 unicis
1089 1383 1200 1443 illorum

194 1459 389 1532 depositoriis,
403 1458 547 1529 quaedam
562 1474 643 1529 quasi
636 1454 810 1546 προτέλεια
823 1463 890 1516 sunt
878 1456 1035 1514 tdiversae
1046 1463 1081 1516 et
1091 1460 1198 1520 altioris

193 1535 379 1607 quaestionis.
405 1535 438 1592 In
455 1534 511 1592 hac
530 1540 651 1607 repente
675 1534 766 1593 omnis
780 1549 898 1606 campus
917 1533 1131 1621 disputationis
1145 1552 1198 1595 mu

191 1617 279 1681 tatur,
295 1617 468 1669 evanescunt
480 1609 571 1669 ferme
584 1627 634 1669 ιιι
636 1611 707 1684 tigia
724 1610 872 1682 historica,
894 1615 924 1668 et
944 1609 974 1666 in
990 1609 1091 1669 locum
1106 1628 1197 1673 eorem

193 1687 309 1761 trepide
324 1687 454 1746 succedit
467 1687 579 1746 coniect
580 1704 633 1746 ura
647 1692 677 1746 et
691 1687 883 1759 ratiocinatio,
904 1701 961 1745 nen
973 1701 1126 1756 quaerens
1144 1689 1196 1761 ills,

194 1762 263 1835 quid
276 1764 409 1824 Herodot
396 1769 452 1836 tus,
473 1763 544 1854 quid
556 1764 650 1836 Plato,
671 1763 742 1834 quid
755 1780 881 1821 summus
894 1762 1008 1821 Aristot
1010 1763 1075 1822 eles
1091 1765 1196 1837 afforet,

193 1839 246 1898 sed
266 1840 336 1912 quid
357 1856 392 1898 ex
411 1840 561 1912 principiis
581 1839 656 1915 hene
676 1841 800 1912 provisis
815 1841 936 1912 cogatur
950 1843 980 1896 et
994 1836 1155 1915 efficiatur,
1172 1840 1197 1899 id

194 1931 295 1976 severo
320 1916 427 1976 iudicio
452 1932 629 1989 persequens
656 1921 686 1974 et
713 1932 777 1974 cum
801 1917 867 1989 ipsa
891 1921 997 1974 natura
1015 1931 1196 2009 comparans

196 1992 384 2052 Coniecturae
404 1993 569 2052 huiusmodi
595 1992 681 2052 hodie
702 1993 805 2065 uulgus
826 1991 966 2051 infamare
986 1992 1067 2051 solet
1087 1996 1197 2056 nomine

193 2071 405 2144 hypothesium.
435 2070 518 2128 Dura
537 2069 677 2128 conditio:
703 2086 755 2129 nos
774 2075 871 2128 tamen
890 2069 940 2126 diu
958 2071 1094 2128 cunctati
1113 2076 1147 2131 ιι
1158 2088 1197 2130 es·

193 2153 369 2221 spectantes,
384 2147 451 2206 dum
462 2145 668 2219 praefidentior
679 2146 751 2205 alius
761 2146 816 2205 hoo
826 2144 955 2217 auderet,
966 2160 1024 2204 non
1035 2152 1196 2207 metuamus

194 2225 302 2283 diutius
322 2223 425 2295 famae,
453 2224 677 2297 planissimeque
697 2224 795 2282 statim
815 2223 954 2291 dicamus,
974 2221 1056 2292 quod
1077 2239 1130 2283 ιιι
1152 2230 1197 2285 ιιι

270 2301 394 2361 Videtur
413 2301 512 2371 itaque
532 2316 568 2358 ex
587 2301 644 2358 illis
664 2300 746 2372 sequi
759 2299 933 2370 necessario,
953 2303 1013 2355 tam
1027 2314 1198 2374 magnorum

195 2381 225 2435 et
244 2383 387 2449 perpetua
407 2376 483 2434 serie
504 2375 693 2434 deductorum
713 2392 833 2447 operum
851 2374 971 2434 formam
985 2389 1004 2431 a
1016 2377 1199 2513 nw

193 2468 249 2510 nec
274 2452 422 2524 designari
448 2452 543 2509 animo
569 2467 623 2509 nec
644 2451 788 2510 elaborari
807 2452 936 2524 potuisse
956 2450 1019 2508 sine
1095 2453 1198 2515 'moso

195 2527 368 2587 adminiculo
388 2528 553 2588 memoriae.
589 2526 676 2586 (loelo
696 2526 850 2586 demissum
863 2527 1008 2601 ingenium
1024 2525 1135 2591 demus
1148 2530 1199 2591 so

194 2621 283 2677 mero,
304 2604 509 2678 altissimarum
529 2620 621 2678 capax
637 2604 851 2677 cogitationum,
873 2604 976 2676 quibus
990 2601 1198 2667 divinarumet

193 2681 382 2740 humanarum
395 2696 493 2739 rerum
503 2681 628 2740 onmium
639 2681 730 2740 scient
731 2682 788 2739 iam
801 2679 979 2752 exhauserit,
971 2697 978 2711 ·
992 2680 1034 2738 sit
1047 2680 1102 2741 ills
1111 2682 1196 2754 nobis

194 2764 227 2816 ut
246 2757 375 2816 Velleius
396 2759 452 2831 ait,
479 2757 542 2816 sine
563 2759 693 2831 exemplo
713 2759 853 2817 maximus
874 2762 904 2816 ιι
923 2757 985 2815 sine
1005 2760 1196 2821 aemulata

194 2850 264 2894 sane
284 2851 430 2907 nunquam
449 2835 527 2892 illius
547 2835 662 2893 luminis
683 2834 846 2908 splendor
838 2839 943 2892 iterum
964 2833 1130 2910 exorietur,
1149 2834 1195 2895 nisi

143 2936 181 2975 ιιι
195 2913 317 2970 alteram
338 2912 491 2972 Graeciam
510 2917 676 2970 nascentem
696 2911 802 2969 vident
821 2910 913 2969 orbis:
940 2910 979 2968 sit
997 2909 1059 2982 ille,
1089 2914 1146 2985 qui
1162 2914 1195 2973 ir·

196 2989 281 3060 genio
302 3005 390 3060 supra
410 3004 508 3048 omnes
530 2990 645 3060 eminet,
666 2988 743 3059 quod
763 2992 881 3077 praeter
893 2991 1028 3045 naturam
1042 2993 1103 3061 ιιι,
1124 2990 1194 3048 lime

194 3064 321 3121 tissimus
347 3064 477 3123 idemt
447 3070 477 3124 et
496 3066 573 3123 omni
593 3069 657 3122 arte
678 3061 919 3135 perfectissimus:
948 3078 986 3120 ne
1005 3063 1061 3122 tali
1085 3064 1194 3138 quiden

193 3140 301 3199 homiui
326 3139 416 3199 tribui
441 3145 539 3214 potest
561 3140 606 3213 id,
633 3140 709 3212 quod
735 3157 853 3214 prorsus
871 3139 1062 3199 humanitatis
1084 3149 1194 3219 capon

196 3222 329 3292 superat,
363 3217 467 3275 eteui
492 3222 589 3276 mente
614 3217 831 3290 complectendo
856 3218 992 3276 locuset
979 3220 1194 3280 tmateriset

195 3374 418 3430 aGmmmatieis
443 3389 477 3441 ap
498 3373 596 3430 ellatur
617 3373 697 3428 IlE.
733 3374 843 3442 Quodi
833 3391 951 3498 cpsumn
943 3389 997 3428 una
1022 3390 1090 3432 cum
1109 3383 1194 3434 ιιιιιι

196 3442 402 3499 constructionis
419 3443 464 3497 val
484 3458 498 3497 e
517 3443 676 3499 adversatur
692 3443 770 3499 obelo
783 3442 834 3498 Val

870 3442 961 3510 ιιιιιι,
979 3441 1103 3503 delentis
1114 3445 1194 3511 ιιιιι.

196 3509 226 3561 ἐν
245 3509 394 3581 Διομήδεος
410 3511 545 3583 ἀριστείῃ.
