2482 3960
468 304 580 362 -117
610 335 645 345 -·

59 459 64 467 “
134 455 252 514 Etenim
272 454 310 512 de
331 456 475 514 sexcentis
496 460 604 528 eorum,
625 457 674 528 qui
693 473 747 530 per
765 457 838 516 baec
857 457 974 516 saecula
994 458 1058 515 illn-

55 531 185 604 strando,
206 531 377 603 corrigendo
397 531 637 605 depravandoque
651 533 777 593 Homero
791 534 991 605 incubuerunt,
1011 535 1058 593 vix

59 608 181 681 triginta
193 608 276 666 uobis
292 609 363 666 satis
377 609 438 666 noti
452 614 526 667 sunt.
558 608 666 668 Omitto
679 627 813 683 maguam
824 611 938 669 turbam
949 627 1058 680 eorum,

57 685 109 757 qui
129 685 300 743 alterutram
320 701 381 742 rem
401 685 496 744 obiter
514 691 545 742 et
558 685 637 743 aliud
650 687 764 759 agendo
777 685 909 745 fecerunt
921 688 951 744 in
965 687 1058 745 direr-

61 761 181 820 sissimis
196 761 320 834 scriptis,
341 761 535 834 philosophos,
555 763 783 835 mathematicos
798 769 985 835 astronomos,
999 780 1058 821 me·

61 837 152 910 dicos,
177 838 338 910 historicos,
367 839 558 911 geographos,
577 839 812 912 mytbograpbos,
833 840 972 898 rhetores.
1012 840 1058 898 In·

28 930 32 939 ·
59 915 188 972 numeris
201 914 302 974 horum
312 915 359 972 vel
371 915 463 987 ipsam
476 915 599 974 nominis
609 917 776 979 memoriam
790 916 910 974 abstulit
919 920 1058 977 uetustas.

58 991 180 1059 Nullam
197 992 271 1049 enim
291 996 418 1050 aetatem
430 992 526 1049 'babet
545 991 668 1050 historia
687 997 816 1050 veterum
837 992 1008 1064 litterarum,
1028 993 1058 1049 in

60 1083 119 1138 qua
138 1067 277 1126 maiorem
295 1068 435 1126 iacturam
455 1065 616 1125 fecerimus
650 1069 883 1140 Quotusquisque
905 1073 950 1126 est
969 1068 999 1124 in
1012 1067 1057 1125 bis

10 1153 16 1163 '
59 1149 117 1202 250
137 1143 340 1217 scriptoribus,
365 1145 414 1216 qni
441 1145 603 1202 excitantur
622 1145 651 1201 in
672 1144 791 1202 Venetis
812 1144 948 1216 scholiis,
974 1160 1058 1215 quem
1070 1150 1108 1189 1⁹1

57 1236 111 1278 nos
136 1221 298 1278 accuratius
323 1220 507 1292 norimnsffltt
547 1220 603 1278 Hic
626 1221 772 1279 laboriosa
801 1222 903 1280 messis
924 1221 1059 1279 obiicitur

55 1296 277 1369 litteratoribus,
291 1313 365 1368 quae
375 1297 503 1356 laborem
513 1302 611 1355 tamen
619 1298 789 1370 saepissime
798 1296 963 1356 frustratur.
983 1298 1058 1355 Nam

58 1378 93 1430 ut
112 1374 206 1431 omnia
226 1374 423 1432 minutissimis
443 1374 574 1446 vestigiis
593 1374 741 1446 indagaris
762 1380 792 1432 ct
813 1374 973 1432 excusseris
994 1390 1057 1431 cum

56 1450 229 1523 pulvisculo,
248 1450 296 1506 vix
315 1450 466 1509 obscuram
486 1450 631 1521 quandam
650 1450 906 1522 adumbrationem,
933 1466 989 1508 uon
1010 1466 1057 1507 ex-

61 1542 193 1599 pressam
211 1527 366 1598 imaginem
384 1527 546 1598 propoucre
560 1527 658 1584 licebit
673 1527 734 1584 eius
749 1527 906 1598 doctrinae,
928 1542 1002 1597 quae
1015 1526 1057 1584 bi-

60 1603 221 1661 bliothecas
247 1602 417 1661 criticorum
443 1603 661 1661 Homerioorum
684 1604 854 1675 impleverat
881 1602 1057 1674 temporibus

55 1679 187 1752 Apionis.
228 1678 286 1737 Sed
306 1679 388 1737 uobis
408 1696 464 1737 nou
485 1685 530 1737 est
550 1680 670 1756 animus,
690 1680 804 1737 illarum
824 1696 928 1737 vacuos
948 1676 1057 1736 forulos

57 1754 212 1814 ostendere
233 1755 353 1827 singulis
374 1754 534 1828 deperditis
548 1755 683 1828 operibus
698 1755 922 1824 dinumerandis,
942 1760 993 1812 aut
1006 1756 1058 1812 im-

61 1832 179 1905 pensius
200 1833 337 1902 conqueri
357 1832 484 1903 iniquam
504 1839 625 1904 sortem,
654 1848 706 1890 seu
726 1848 896 1903 quocunque
916 1831 988 1888 illud
1007 1848 1057 1890 no·

59 1908 137 1966 mine
157 1909 306 1981 appellare
326 1909 432 1980 placet,
454 1909 531 1980 quod
550 1915 661 1967 tantam
682 1915 809 1981 stragem
821 1915 848 1966 ct
862 1909 974 1965 ruinam
988 1905 1057 1965 fecit

59 1987 91 2041 in
110 1984 206 2057 rebus,
227 2000 302 2056 quae
323 1987 498 2058 sempiterno
518 1987 583 2043 usui
603 1984 780 2043 cruditorum
801 1984 964 2042 destinatae
978 1984 1057 2041 vide·

60 2066 178 2118 rentur:
212 2061 277 2118 Huc
305 2077 401 2134 saepe=
413 2063 557 2119 litteratos
577 2078 629 2120 nos
650 2061 734 2118 dccet
754 2061 848 2118 animo
868 2059 998 2131 regredi,
1024 2065 1057 2117 ut

57 2137 154 2196 famae
178 2144 295 2196 nostrae
319 2137 511 2196 conditionem
538 2136 694 2208 discamus,
730 2143 760 2194 et
785 2152 820 2193 ex
846 2141 890 2194 tot
914 2136 1056 2193 clarorum
1069 2153 1108 2192 192

58 2215 232 2286 scriptorum
262 2214 424 2272 miserrima
446 2212 562 2271 fortuna
592 2213 726 2271 solatium
750 2228 922 2283 quaeramus
948 2212 1054 2269 uostris

56 2292 119 2348 sive
145 2291 203 2347 cito
229 2290 401 2362 interituris
427 2306 479 2347 seu
504 2290 659 2362 aliquando
683 2289 757 2346 acris
785 2289 910 2346 censoris
931 2288 1054 2345 carbone

55 2367 175 2424 notatis.
215 2366 278 2423 Illic
304 2372 411 2437 quanta
436 2384 492 2425 uno
521 2368 549 2422 in
575 2368 639 2424 loco
659 2365 802 2423 cadavera
823 2371 852 2422 et
871 2365 957 2422 busta
977 2365 1055 2423 volu-

54 2444 163 2500 minum
185 2450 251 2500 ante
272 2443 368 2501 oeulos
389 2444 497 2500 iacent!

125 2671 160 2736 61)
179 2669 215 2723 Ut
232 2668 386 2736 Antigonus
395 2667 429 2721 ad
441 2670 470 2733 p.
483 2673 541 2723 319.
559 2669 714 2722 Antodorus
727 2683 774 2721 scu
786 2669 941 2722 Autodorus
954 2671 982 2734 φ.
995 2672 1053 2722 638.

55 2738 138 2805 (idem
156 2737 176 2790 l
193 2753 271 2804 quem
290 2736 339 2790 sub
357 2753 382 2788 n.
395 2740 436 2790 36.
455 2737 645 2805 memorabam)
663 2736 797 2789 Aretades
815 2757 843 2786 ω.
859 2742 914 2789 110.
933 2738 1054 2789 Aristeas

56 2826 79 2858 a.
101 2808 157 2861 137.
175 2805 299 2872 Clitopho
318 2825 341 2857 o.
359 2808 417 2857 404.
436 2805 530 2870 Demo,
546 2804 643 2857 mulier
654 2805 705 2856 alle
726 2804 798 2856 oriae
809 2804 936 2869 studiosa,
954 2805 981 2868 β.
995 2808 1053 2857 205.

56 2892 79 2926 ε.
97 2876 156 2928 722.
174 2873 214 2926 ef.
232 2873 309 2926 Eust.
326 2889 352 2940 p.
374 2875 447 2925 1154.
482 2872 537 2924 Ero
556 2872 649 2924 Delius
667 2879 694 2923 et
739 2886 812 2923 ermo
830 2890 852 2920 a.
870 2874 929 2923 274.
956 2871 1053 2937 Hagno

56 2944 79 2993 d.
102 2945 158 2994 101.
196 2941 351 3008 Licymnius
366 2940 394 3005 β.
415 2944 470 2994 106,
506 2939 630 2992 Nemesin
648 2956 671 2991 κ.
690 2940 748 2992 377.
778 2937 931 3004 Polycletus
948 2956 976 3005 φ.
998 2941 1053 2990 126.

55 3027 82 3076 p.
101 3013 161 3062 468.
197 3009 295 3062 Sextus
318 3009 340 3060 l.
368 3013 424 3061 155.
461 3007 605 3074 Staphylus
632 3025 658 3059 π,
679 3010 734 3059 175.
770 3005 846 3058 Xeno
869 3023 889 3066 μ
916 3009 966 3058 43o
999 3005 1053 3072 alii,

56 3077 104 3144 qui
131 3076 207 3130 nobis
230 3076 326 3130 deinde
345 3082 487 3130 occurrent
504 3090 558 3127 non
576 3073 697 3142 quaesiti.
732 3073 764 3126 In
783 3073 828 3126 illc
846 3088 956 3126 numero
975 3073 1054 3140 plura

10 3170 13 3172 v
55 3150 119 3198 sunt
136 3144 243 3198 nomina
261 3143 457 3211 obscurissima,
480 3142 578 3209 partim
596 3143 674 3210 plane
692 3142 792 3208 ignota,
807 3141 906 3208 partim
925 3147 1054 3206 corrupta

55 3215 138 3267 ctiam
157 3228 172 3265 a
189 3211 305 3266 librariis
350 3211 402 3266 Sed
427 3212 517 3264 insunt
534 3217 641 3276 tamen,
666 3210 711 3277 qui
734 3209 886 3276 perantiqui
904 3208 1053 3274 videantur,

55 3295 126 3334 unus
144 3287 171 3333 et
189 3281 259 3333 alter
275 3280 472 3345 Aristarcheus,
492 3285 519 3330 et
536 3278 658 3331 assiduus
675 3277 765 3330 forsan
783 3277 916 3342 interpres
934 3274 1052 3328 Homeri.

55 3349 169 3403 Omnino
181 3349 209 3401 in
218 3349 294 3402 novis
306 3347 419 3402 Scboliis
431 3347 510 3414 pauci
522 3347 700 3413 reperiuntur,
713 3344 808 3412 quibus
821 3350 938 3397 aetatem
947 3344 1053 3408 Apione

54 3416 232 3485 posteriorem
251 3417 369 3483 assignet
387 3423 461 3468 certa
477 3414 546 3468 ratio
564 3421 722 3481 temporum.
