2482 3960
606 265 718 319 -142
745 290 784 302 -

194 415 267 472 alius
294 413 445 485 quisquam
466 412 725 471 Grammaticorum
745 411 945 473 Graecorum.
992 418 1064 490 Qua
1083 418 1114 475 in
1132 418 1204 476 abac

194 490 294 548 dantia
313 490 456 548 materiae
475 489 613 549 hocloco
632 489 680 546 vix
700 489 875 560 gravissima
898 508 1049 566 quaeque
1070 495 1204 568 complecti

194 581 296 637 conor,
321 566 393 623 satis
419 566 585 637 habiturus,
612 565 639 623 si
662 566 795 624 universe
821 568 979 638 quaedam
1008 570 1203 643 percurrendo,

194 641 452 712 observationibus,
473 642 511 700 ad
532 642 660 713 singulos
679 641 759 700 locos
772 641 898 701 Homeri
914 645 1099 721 afferendIs,
1117 647 1203 707 idonea

192 717 379 777 fundamenta
398 718 505 777 iecero.

620 877 757 951 XLVI.

269 1027 353 1085 Hanc
372 1025 410 1083 ad
431 1040 493 1082 rem
512 1023 707 1081 necessarium
734 1027 779 1080 est
798 1021 960 1096 disputare
982 1028 1158 1103 diligentius
1173 1029 1199 1088 de

193 1104 269 1163 omni
289 1103 402 1161 ratione
423 1101 538 1158 critices
559 1105 698 1171 veterum,
718 1115 874 1170 veramque
898 1102 967 1161 eius
991 1107 1099 1167 animo
1112 1122 1198 1181 caum

192 1181 327 1253 speciem.
347 1177 480 1237 Nondum
492 1177 568 1234 enim
578 1177 649 1234 satis
658 1173 845 1234 refutavimus
852 1175 889 1247 10)
898 1179 1068 1251 vulgarem
1078 1198 1198 1253 errorent,

193 1273 249 1326 quo
275 1254 360 1312 facile
381 1254 512 1310 ducimur
535 1268 648 1324 omnes,
674 1257 707 1310 ut
728 1251 850 1311 Oriticos
876 1256 1080 1328 antiquitatis
1105 1260 1198 1327 hortu,

193 1332 242 1403 qui
260 1347 336 1387 nuuc
356 1335 431 1402 sunt,
452 1329 568 1400 similes
589 1333 676 1399 atque
689 1329 890 1388 Aristarchum
912 1330 945 1388 iu
959 1334 1075 1405 primis
1087 1333 1197 1395 Bentleii

193 1424 246 1465 seu
265 1405 463 1474 ValckenurII,
491 1421 544 1464 seu
570 1405 698 1476 quisquis
723 1404 842 1476 antiqua
861 1408 978 1480 scripta
1001 1412 1076 1484 pari
1093 1410 1195 1484 ingenio

193 1484 311 1557 expolit,
330 1484 415 1554 longe
435 1482 609 1540 sImillimum
628 1487 771 1554 putemus.
804 1481 897 1553 quue
917 1485 1011 1544 nobis
1025 1486 1196 1562 persuadere

192 1562 292 1620 volunt
311 1560 400 1618 allato
421 1559 516 1629 elogio
535 1558 710 1630 Horatiano,
735 1560 793 1613 Fiet
813 1560 1017 1633 Aristarchus,
1043 1566 1095 1623 cui
1114 1563 1195 1637 elogio

194 1639 281 1696 etiam
301 1636 510 1695 Panaetianum
530 1633 640 1692 addere
659 1639 803 1707 poterant.

271 1713 338 1777 Sed.
359 1716 391 1769 ut
409 1728 427 1769 a
443 1711 605 1783 posteriore
628 1709 735 1783 order,
754 1710 826 1769 illud
845 1710 884 1769 ad
896 1711 1104 1787 interpretem
1116 1714 1193 1790 perti

192 1795 243 1848 net
261 1787 424 1856 manifeste,
443 1804 500 1845 non
520 1786 559 1844 ad
577 1786 800 1847 emendatorem.
832 1786 953 1848 Horatii
972 1806 1051 1851 vero
1065 1798 1194 1853 totacau

192 1866 285 1924 tentia
304 1863 371 1923 talis
392 1869 445 1934 est,
465 1864 495 1920 in
515 1863 617 1934 quasi
636 1880 689 1936 pro
711 1865 869 1920 murman
890 1864 1100 1927 substituatur
1123 1871 1198 1925 aaa·

193 1946 264 1998 lorus
283 1947 390 2012 noster,
411 1939 568 1998 acerrimus
588 1940 748 1999 alienorum
763 1938 929 2000 Garminum
943 1944 1127 2019 castigator,
1146 1960 1198 2003 mu·

192 2019 331 2079 tattonem
351 2018 431 2076 iuxta
450 2013 546 2074 ferant
564 2017 596 2088 ii,
616 2017 665 2088 qui
678 2016 763 2074 huius
777 2017 886 2076 iudicia
897 2016 1038 2094 laudaut,
1064 2027 1096 2080 et
1109 2021 1197 2093 quiea

142 2107 180 2149 ma
193 2096 411 2169 adspernantur.
443 2092 514 2152 Inde
535 2097 666 2166 apparet,
694 2091 832 2152 Griticum
850 2094 892 2152 ihi
911 2094 969 2153 hac
988 2096 1198 2170 significatione

197 2180 297 2233 nostra
316 2188 372 2230 non
392 2170 457 2228 dici.
497 2170 558 2227 Iam
579 2168 655 2241 quod
672 2169 765 2228 minus
779 2171 924 2243 ambigue,
944 2171 1020 2231 licet
1034 2189 1093 2246 per
1104 2174 1200 2239 iocum,

198 2249 297 2307 scribit
318 2247 476 2319 ciceron),
504 2248 691 2302 Aristarchum
712 2247 824 2302 Homeri
841 2266 935 2303 verm
954 2252 1118 2323 acqava'eco,
1144 2266 1200 2323 quor

197 2345 251 2380 ooo
266 2326 436 2393 probaverit,
461 2339 528 2380 num
548 2322 603 2381 hoc
622 2323 729 2380 certius
750 2321 902 2396 significat,
928 2323 1102 2399 principem
1124 2323 1199 2385 Gn'ti

199 2416 296 2458 corum
307 2405 398 2456 artem
412 2399 577 2469 corrigendi
590 2398 628 2456 ad
640 2399 716 2457 hunc
728 2405 857 2458 nostrum
871 2398 988 2458 modum
1002 2406 1038 2459 et
1048 2407 1198 2461 accuratae

200 2475 369 2548 discipliuae
382 2472 532 2533 formulam
547 2477 730 2533 exercuisse?
744 2492 782 2534 au
794 2477 891 2550 potius
905 2476 1031 2535 credere
1045 2495 1099 2537 uos
1115 2478 1197 2550 cogit

199 2553 278 2610 iilum
291 2552 425 2622 neglecta
438 2552 532 2623 priua
544 2552 610 2623 lege
624 2552 763 2610 historiae
776 2559 903 2611 mutasse
918 2558 949 2610 et
963 2555 1146 2625 expunxisse
1158 2569 1197 2623 ea,

198 2629 228 2686 in
248 2627 352 2700 quibus
372 2627 515 2686 Homerus
535 2629 754 2701 peccatelam,
776 2629 933 2689 dormitare
951 2628 1130 2690 videretur?
1154 2630 1201 2690 Se·

196 2721 270 2763 neca
289 2704 406 2775 quidem
428 2719 476 2762 eos
490 2720 600 2777 versus
620 2721 691 2776 quos
704 2704 890 2764 Aristarchus
904 2712 1080 2779 negaverat,
1101 2709 1199 2763 aarum

198 2780 320 2854 dicitli),
342 2781 487 2840 Ausonius
509 2782 595 2839 etiam
615 2781 771 2853 apomeli),
791 2783 934 2854 planeque
953 2787 1042 2840 vetus
1058 2784 1197 2856 interpres

199 2900 402 2910 ‘—

262 2948 297 3013 10)
317 2945 381 3012 Cap.
401 2943 528 2998 XXXIII.

195 3097 223 3150 in
240 3028 389 3152 Pislgang
405 3027 441 3082 ad
460 3026 555 3080 Famil.
573 3026 622 3094 111,
643 3031 682 3082 ll.
703 3027 779 3080 (Ioni
798 3026 943 3081 earundem
961 3025 1010 3094 IX,
1033 3031 1075 3082 10.
1089 3032 1117 3082 et
1130 3028 1198 3081 Orat

265 3180 300 3249 12)
320 3181 391 3248 Epp.
408 3179 584 3233 LXXXVIII.
603 3185 669 3232 extr.
689 3179 836 3230 Aristarchi
858 3188 947 3239 notar,
972 3178 1070 3243 quibus
1088 3178 1198 3230 alieno

199 3249 323 3301 Carmina
343 3250 502 3314 computruit,
528 3247 715 3314 recoquendam?
744 3246 847 3312 Nempe
865 3245 894 3298 id
911 3244 1033 3299 fecerant
1052 3245 1196 3299 faciebant·

197 3332 249 3384 qne
269 3316 388 3371 Senecae
407 3321 498 3369 aetate
516 3317 615 3383 plures,
633 3314 702 3367 infra
718 3313 795 3368 nobis
812 3311 955 3366 indicandi

266 3402 301 3468 1³)
321 3401 393 3469 Epp.
412 3399 512 3467 XVIII,
525 3403 566 3454 29.
603 3398 662 3452 Hoc
680 3399 749 3451 enIm
767 3414 855 3466 versu,

320 3469 424 3537 Quique
441 3473 520 3522 notas
537 3466 635 3534 spuriis
652 3466 772 3520 versibus
790 3465 924 3534 apposuit,
