2482 3960
508 324 690 377 ..41-

102 472 221 530 finitima
241 472 367 531 Graecia
391 488 447 530 non
476 472 562 528 aliter
587 472 705 542 vulgata
726 487 799 551 esse,
820 488 904 543 quam
925 470 1002 545 apud
1021 470 1098 542 Aga-

103 549 232 621 thyrsos,
258 548 425 607 Aristotelis
446 553 557 618 aetate,
583 553 671 619 atque
691 553 777 605 antea
797 548 874 620 apud
895 548 1048 607 Cretenses
1069 555 1099 605 et

101 625 357 696 Lacedaemonios
371 640 442 696 quos
455 625 521 682 huic
534 624 578 681 rei
592 625 679 682 etiam
693 629 807 682 cantum
821 631 852 682 et
864 626 988 683 musicos
998 624 1098 683 modos

102 701 269 759 adhibuisse
289 706 409 759 constat.
444 700 536 756 Primi
550 703 715 756 Graecorum
736 704 853 755 omnium
874 701 996 773 scriptas
1016 702 1097 772 leges

101 783 277 849 accepemmt
302 779 384 832 Locri
410 776 587 847 Epizephyrii
606 793 624 834 a
644 775 819 848 Zolmco³²)‚
850 793 935 848 quern
953 776 1097 835 Eusebius
1111 789 1136 827 ee

99 855 185 988 goim
209 850 357 911 florentem
379 852 491 926 Olymp.
512 853 620 910 XXIX.
647 857 715 910 ante
736 853 802 912 Chr.
823 859 887 912 664.
907 870 952 911 aa.
975 856 1010 912 70
1031 859 1098 911 ante

121 945 242 990 eonem.

177 1005 284 1063 Verum
304 1006 341 1062 de
360 1005 477 1062 Zaleuci
499 1004 621 1076 legibus,
642 1022 762 1076 quarum
782 1008 894 1064 nonnisi
913 1006 1008 1064 tenuis
1021 1003 1098 1063 fama
1111 1015 1136 1054 ⁶⁹

107 1086 249 1154 superest,
270 1088 406 1154 corrupta
427 1097 445 1138 a
466 1081 717 1149 declamatoribus,
737 1089 769 1139 ut
788 1084 846 1140 alia
865 1084 963 1154 multa,
983 1084 1025 1139 ita
1044 1083 1098 1140 hoc

106 1175 223 1231 prorsus
242 1159 370 1230 ignotum
391 1161 445 1229 est,
467 1174 523 1228 quo
544 1173 650 1228 genere
670 1157 814 1216 scribendi
834 1165 864 1217 et
877 1159 979 1230 quibus
993 1159 1098 1216 instru-

102 1235 207 1292 mentis
229 1239 365 1292 exaratae
386 1235 451 1292 sint.
484 1234 596 1292 Solonis
615 1239 711 1292 autem
725 1242 822 1294 aetate
836 1237 928 1307 qualis
941 1235 1097 1293 Athenien-

99 1313 172 1369 sium
183 1309 429 1385 scripturaiuerit,
440 1310 556 1382 publica
568 1311 691 1381 quidem,
708 1311 905 1370 demonstrant
915 1313 995 1384 leges
1007 1312 1097 1383 ipsius

100 1388 212 1460 Olymp.
226 1387 329 1459 XLVI,
350 1395 377 1446 3.
398 1393 465 1446 ante
482 1387 548 1446 Chr.
563 1393 627 1446 594.
648 1387 767 1446 rudibus
788 1391 917 1448 materiis
938 1389 1097 1460 inscalptae

100 1507 303 1516 -—.——-.

184 1553 218 1619 ³2)
242 1552 302 1606 Etsi
326 1552 380 1606 duo
402 1556 507 1605 tantum
533 1550 621 1603 idonei
638 1558 762 1605 auctores
780 1557 887 1604 exstant
904 1553 983 1606 huius
1001 1552 1096 1620 famae,

104 1622 234 1701 scymnus
247 1620 355 1698 Perieg:
375 1623 434 1673 313.
451 1617 547 1672 Strabo
566 1617 612 1671 VI.
633 1635 659 1686 p.
678 1623 757 1699 259,
772 1635 831 1673 eam
848 1626 939 1672 tamen
956 1620 1019 1699 olim
1037 1637 1097 1700 con-

99 1687 580 1826 1it¹iitlleiitttetitlt
593 1687 1098 1825 purpuraque”erup

98 1823 144 1880 tur
161 1841 240 1892 quam
252 1825 366 1878 maxime
378 1821 483 1890 pondus
495 1793 755 1878 buius’auctoritatis
767 1824 899 1878 communi
911 1796 1003 1878 niorbo
1016 1824 1097 1877 Grae·

99 1909 200 1961 corum,
225 1908 304 1960 quem
321 1891 412 1960 paullo
431 1897 493 1944 ante
512 1891 540 1943 in
558 1891 657 1961 Gorgia
674 1891 765 1945 notavi
784 1898 811 1943 et
829 1907 910 1959 saepe
928 1891 999 1945 alibi.
1035 1892 1097 1956 Qui-

101 1976 206 2029 cunque
230 1960 299 2014 enim
320 1959 374 2013 ullo
399 1966 521 2025 tempore
549 1960 702 2014 claruerant
724 1957 828 2026 legibus
851 1959 981 2022 ferendis,
1004 1958 1097 2012 eodem

99 2043 191 2082 omnes
208 2027 267 2081 loco
286 2027 319 2080 ab
338 2027 390 2080 illis
408 2026 502 2080 baberi
520 2027 654 2081 solebant:
673 2026 753 2079 etiam
771 2026 886 2093 fabulae,
905 2029 986 2080 Ceres
997 2029 1097 2091 θεσμο-

102 2097 196 2164 popm,
214 2096 402 2163 Triptolemus,
423 2095 547 2162 Cecrops,
566 2110 621 2148 non
638 2099 807 2162 spernuntur.
837 2093 912 2146 Alias
930 2095 957 2147 in
974 2095 1097 2160 hocque·

103 2179 155 2232 que
174 2179 272 2232 genere
291 2180 325 2217 ex
344 2162 537 2217 consuetudine
548 2162 629 2229 prisci
641 2162 699 2215 aeri
711 2167 867 2227 congestum
879 2162 959 2213 estin
971 2162 1096 2229 singulos,

101 2231 173 2300 quod
189 2247 242 2284 non
259 2231 339 2284 unius
357 2231 453 2284 aetatis
470 2228 577 2297 fuerat,
602 2230 646 2282 vel
671 2233 803 2282 mutatum
828 2235 856 2281 et
874 2230 1020 2296 expolitum
1039 2237 1097 2282 erat

101 2298 197 2354 studiis
221 2299 338 2366 plurium
362 2299 443 2352 variis
466 2297 560 2351 modis.
594 2298 692 2350 Annon
715 2297 766 2350 hoc
783 2295 883 2350 factum
902 2304 943 2350 est
960 2297 988 2350 in
1005 2298 1096 2351 Minoe

100 2368 230 2434 Cretensi,
249 2367 277 2419 in
292 2367 426 2435 Lycurgo,
438 2366 503 2419 item
522 2366 549 2417 in
561 2365 659 2418 Mose?
677 2364 819 2431 Scripsisse
836 2371 926 2418 autem
944 2365 1023 2433 vulgo
1042 2380 1096 2418 cre·

103 2435 235 2489 dabantur
252 2435 291 2488 illi
309 2450 408 2502 omnes,
427 2450 476 2488 nec
495 2433 601 2487 clariori
619 2433 673 2487 luci
689 2432 818 2486 historiae
836 2433 967 2487 cedebant
983 2434 1096 2487 tabulae.

101 2504 144 2557 Im
170 2503 293 2557 Clemens
316 2502 412 2556 Strom.
439 2503 460 2555 I.
484 2518 510 2569 p.
529 2504 587 2556 309.
613 2503 646 2554 A.
666 2502 790 2564 luderico,
811 2503 895 2568 primo
917 2505 998 2568 leptim
1022 2503 1098 2554 latori
1156 2519 1159 2522 ’

101 2571 222 2639 (proprie
241 2570 279 2623 sic
297 2570 417 2649 appellat
435 2586 504 2638 eum,
523 2571 570 2638 qui
587 2570 689 2638 primus
707 2570 864 2637 scripserat:
887 2570 991 2637 priores
1008 2569 1097 2636 potius

101 2637 259 2692 educatores
277 2638 373 2691 cirrum
392 2653 500 2691 suorum
519 2645 547 2691 et
564 2638 746 2692 moderatores
764 2637 896 2704 fuerant:)
913 2637 1032 2690 Minoem
1050 2637 1098 2689 tali

102 2706 181 2760 modo
200 2706 320 2774 apponit,
333 2714 363 2758 ut
380 2707 404 2759 is
421 2710 437 2761 'l
450 2707 565 2759 saeculis
575 2712 637 2759 ante
650 2721 706 2758 rem
718 2704 830 2759 eandem
842 2703 937 2759 fecisse
950 2705 1097 2758 censendus

102 2775 144 2826 sit.
174 2773 268 2842 Neque
282 2773 413 2827 Clementi
431 2780 525 2827 auctor
542 2774 621 2840 longe
634 2773 802 2842 quaerendus
814 2779 880 2825 erat.
907 2772 976 2826 Nam
989 2774 1016 2824 in
1028 2772 1097 2824 Dial.

100 2840 239 2896 Platonico
263 2857 289 2908 p.
307 2846 366 2896 320.
385 2843 413 2896 C.
437 2842 536 2895 diserte
561 2841 715 2894 tribuuntur
732 2841 816 2894 Minoi
841 2841 914 2902 νόμοι
936 2841 965 2889 ἐν
987 2840 1098 2909 χαλκοῖς

101 2910 296 2978 γραμματείοις
312 2911 505 2978 γεγραμμένοι.
543 2909 594 2974 Qui
612 2908 699 2973 locria,
730 2908 819 2961 nescio
844 2907 991 2975 quomode,
1017 2908 1097 2959 etiam

103 2983 255 3030 nostrorum
273 2983 423 3045 temporum
442 2976 600 3030 doctissimis
609 2977 673 3029 viris
681 2975 771 3030 fraudi
783 2974 841 3042 fuit,
860 2974 1098 3042 quamsimillimus

101 3045 130 3097 in
156 3044 248 3099 eodem
273 3046 402 3112 opusculo
428 3046 497 3098 alius
514 3045 645 3098 neminem
664 3043 844 3098 commoverit.
880 3042 986 3097 Scilicet
1004 3042 1097 3096 eodem

99 3118 169 3165 teste
181 3113 322 3181 tragoedia
340 3130 374 3166 ex
386 3113 528 3180 Thespidis
546 3119 573 3166 et
585 3112 729 3180 Phrynichi
747 3117 835 3165 aetate
854 3112 889 3164 ad
897 3111 996 3164 Minois
1014 3116 1098 3162 retra·

99 3179 188 3234 banda
206 3188 265 3234 erat
283 3187 310 3235 et
328 3181 492 3235 illudendum
509 3181 542 3235 iis
560 3180 689 3246 omnibus
727 3180 754 3234 ui
766 3180 912 3233 Homerum
929 3179 1013 3232 multo
1031 3176 1097 3230 anti·

101 3247 222 3316 quierem
240 3250 380 3316 tragoedia
391 3248 520 3303 fecerunt.
555 3250 593 3301 At
605 3248 701 3304 doctus
738 3250 907 3301 nammaticus
918 3243 1098 3313 Apollodorus

98 3316 168 3370 Bibl.
178 3317 227 3383 ΙΙΙ,
248 3322 270 3384 l,
288 3321 312 3370 2.
331 3318 450 3372 Minoem
467 3323 583 3370 testatur
598 3319 706 3396 γράψαι
724 3317 829 3379 νόμους.
855 3315 898 3369 Sic
916 3313 1007 3366 scribit
1025 3326 1097 3390 sane,
1128 3328 1130 3332 ³

99 3400 153 3438 non
170 3391 302 3451 testatur3
320 3385 434 3439 fortasse
451 3400 485 3438 ne
504 3384 617 3438 credidit
647 3385 744 3438 uidem.
773 3383 893 3437 Utuntur
903 3382 955 3434 hac
963 3381 1097 3434 locutrone

99 3453 177 3505 multi
200 3453 233 3506 de
256 3452 315 3521 ipso
333 3453 472 3522 Lycurgo,
499 3467 578 3519 quem
603 3454 628 3505 n'
651 3453 669 3506 il
696 3452 825 3520 scripturn
842 3448 981 3518 reliquisse
1000 3449 1098 3502 clamat

100 3520 186 3574 omnis
203 3521 358 3589 antiquitas.
435 3549 455 3593 ι
