2482 3960
604 246 784 301 ..144-

192 394 387 453 litterularum
406 399 550 466 occupatu
569 392 711 452 deonna
749 392 798 453 Ex
816 393 874 455 illa
895 398 952 469 qui
975 396 1115 477 ervaol
1132 400 1205 462 Grut-

193 472 244 543 cis,
265 469 354 527 iidem
372 469 486 529 Latinis
499 472 600 525 iudica
612 472 775 541 suspensam
787 480 995 545 usurpantur,
1016 477 1204 551 habenturque

193 548 223 605 in
241 547 297 605 hoc
315 562 434 605 numero
454 547 501 605 vel
514 547 544 604 in
563 546 663 619 primis
683 546 714 618 ii,
734 562 807 618 quos
828 564 922 609 nemo
936 549 1060 613 dixerit
1072 554 1204 614 laberius

194 622 281 695 illud,
311 628 345 681 ut
363 638 465 681 manus
485 629 635 682 auctorum
656 623 769 681 collatis
789 623 950 685 codicibus
972 645 1035 688 seu
1056 632 1204 691 moisem

195 699 378 771 indagarent,
397 700 472 757 sicut
485 698 618 758 Maecius
638 698 745 771 Tarpa,
765 696 938 761 tabularum
951 702 1080 767 Romtoe
1098 709 1128 766 in
1144 722 1205 767 con-

193 778 359 835 missionem
379 775 585 847 producturum
605 775 722 834 auditor
741 776 1047 855 assumaturqusw).

272 852 337 910 Tali
350 852 441 923 igitur
456 851 656 911 emendatione
669 852 715 910 vel
728 852 826 925 potius
837 869 974 915 censura
985 862 1202 921 certaruntolm

196 929 226 987 in
244 928 371 988 Homero
394 935 423 986 et
443 929 526 1000 qussi
546 945 610 986 cum
630 927 757 987 Homero
779 927 882 987 Critici
904 949 1030 1009 omnes,
1051 938 1202 1011 impellente

195 1006 259 1078 ipsa
272 1006 453 1078 praestantia
468 1004 640 1076 (luminum,
654 1010 687 1063 ut
699 1005 771 1063 nihil
784 1006 972 1082 omitterent,
988 1028 1055 1085 quo
1069 1014 1166 1087 augeri
1175 1029 1201 1071 et

142 1102 179 1142 sss
195 1089 305 1154 posset,
326 1089 356 1140 et
374 1080 601 1154 perfectissimus
621 1082 760 1140 sermonis
785 1087 815 1140 et
832 1085 978 1154 poeticae
993 1091 1075 1149 artis
1086 1091 1200 1151 nitcrin

195 1159 270 1216 duci.
311 1158 375 1228 Qua
394 1159 425 1215 in
445 1174 486 1226 re,
507 1174 563 1230 quo
584 1158 706 1229 quisque
725 1158 905 1230 ingeniosior
927 1170 1012 1237 erat,
1035 1182 1075 1227 eo
1094 1168 1200 1241 plerun-

191 1250 247 1306 que
267 1232 465 1292 immodestius
485 1234 601 1292 videtur
619 1240 751 1292 versatus
766 1251 839 1305 esse,
856 1241 1050 1313 textumque
1064 1260 1152 1317 saepe
1162 1242 1198 1301 de·

192 1326 329 1382 pravasse
349 1310 529 1381 corrigendo.
570 1309 689 1369 Scilicet
709 1310 735 1367 is
755 1311 855 1370 critico
874 1311 996 1374 iudicio
1011 1319 1199 1393 maximepul

191 1388 253 1444 lere
272 1385 440 1458 putubatur,
460 1388 510 1457 qui
529 1387 668 1458 optimum
687 1391 803 1460 poetam
822 1389 948 1461 proprio
968 1392 1102 1467 ingenio
1120 1411 1198 1456 emen

190 1463 261 1521 dare
284 1469 409 1535 poterat.
439 1462 498 1520 Alii
509 1470 606 1521 sutem
620 1463 837 1522 emendationes
851 1465 930 1524 tales
944 1470 998 1527 vel
1014 1472 1050 1530 in
1065 1472 1197 1533 &mnes

190 1539 272 1597 tariis
292 1539 352 1597 suis
372 1539 587 1611 proponebant,
611 1540 658 1598 vel
682 1540 712 1597 in
738 1540 860 1613 scholis,
885 1557 924 1600 cx
951 1546 1071 1615 quibus
1090 1546 1196 1609 moxnb

190 1615 369 1674 auditoribus
390 1615 613 1687 colligebantur.
647 1615 751 1677 Totam
771 1623 868 1675 autem
881 1633 948 1677 rem
960 1623 1071 1693 primo
1083 1642 1140 1686 non
1150 1625 1195 1685 (lis-

189 1693 335 1764 plicuisse,
349 1691 478 1750 ostendit
490 1699 665 1781 memoratus
678 1693 776 1764 paullo
791 1699 859 1751 ante
871 1694 1035 1785 litterator
1047 1700 1194 1761 Athenien

188 1766 1195 1928 {lusistislusistisltltltflttlttttttlt
1237 1840 1239 1867 ²

187 1920 235 1978 hic
256 1919 454 1978 describimus.
488 1920 560 1979 Post
579 1921 727 1993 sIIquanto
747 1938 834 1994 quam
846 1922 998 1985 Zenodoti
1020 1935 1056 1988 et
1075 1932 1196 2003 abarum,

187 1997 217 2055 in
230 1997 355 2070 optimos
368 2013 469 2055 versus
484 2004 514 2055 et
527 1998 661 2057 universa
674 1997 808 2057 Carmina
821 2001 1037 2077 grassantium,
1051 2006 1193 2065 libidinem

186 2074 305 2132 nimium
325 2075 483 2133 sensissent
496 2080 611 2133 vetusta
623 2081 816 2147 monumenta,
837 2092 885 2134 ars
898 2075 959 2134 ista
971 2078 1046 2139 iure
1060 2082 1193 2157 coepitio

187 2152 295 2210 crimen
315 2158 346 2209 et
364 2151 619 2224 reprehensionem
639 2151 835 2211 modestorum
848 2159 879 2210 et
891 2153 1097 2224 prudentium
1108 2161 1195 2219 incur·

185 2243 265 2299 rere,
291 2229 442 2300 notarique
469 2245 487 2286 a
510 2228 608 2285 multis
635 2231 756 2283 camora
781 2230 925 2284 incohatis
951 2236 983 2288 et
1012 2239 1153 2293 awbeas
1169 2242 1195 2294 et

184 2300 293 2374 frigida
306 2320 486 2362 curararum
496 2304 751 2362 minutissimarum
757 2303 804 2376 17),
819 2304 871 2363 sed
881 2320 1031 2377 nusquam
1041 2310 1101 2370 hoc
1110 2328 1195 2385 genus

134 2395 172 2436 sss
186 2381 301 2435 leuatis
322 2387 352 2436 et
368 2382 508 2452 amasiae,
529 2380 606 2453 quod
623 2380 711 2439 hodie
731 2380 846 2440 Griticis
864 2381 953 2440 obiici
971 2384 1065 2445 solet
1097 2389 1196 2461 Neque

252 2555 288 2620 16)
307 2552 361 2609 Cio.
378 2553 450 2622 Epp.
468 2555 503 2608 sd
519 2555 614 2610 Famil.
632 2555 695 2621 VH,
721 2560 744 2612 1.
762 2557 828 2611 Hor.
847 2556 930 2611 Serm.
949 2557 972 2626 I,
992 2565 1040 2630 10,
1059 2568 1104 2621 38.
1122 2566 1193 2621 ΑΡ.

185 2623 245 2677 387.
278 2621 321 2676 Ibi
339 2623 453 2676 eundem
472 2623 590 2702 Tarpam
608 2623 775 2678 scholiastae
789 2624 917 2706 Oriucum
930 2631 964 2703 ¹et
981 2632 1197 2701 emendatorem,

185 2690 418 2813 cotgrqnuaemmggga
419 2707 511 2813 1{ltusuu
529 2711 641 2746 severum
653 2693 800 2759 doctumque
814 2692 957 2745 auditorem
969 2704 995 2746 et
1006 2702 1194 2755 uestinum

250 2845 286 2908 1⁷)
304 2843 372 2898 Vide
391 2842 519 2897 Herodici
531 2844 681 2912 Babylonii,
701 2850 729 2898 et
741 2845 897 2911 supparium
909 2845 1027 2902 Horatio
1039 2856 1191 2920 poetarum,

182 2913 346 3032 Antiphanis
365 2912 471 2966 Maced.
485 2912 657 2980 Philippique
668 2912 1011 3034 Thessalcnxlhilpigramm.
1032 2920 1063 2973 in
1073 2920 1190 2975 Brunek.

182 2982 262 3033 Ana.
280 2982 316 3034 II.
336 2997 362 3049 p.
381 2985 422 3033 65.
440 2985 497 3035 2οᾶ
517 2980 549 3034 V.
568 2997 594 3047 p.
614 2984 672 3035 223.
690 2980 791 3034 XLIII.

942 2984 1059 3040 Anthol.
1078 2988 1189 3042 Planud.

181 3047 217 3115 ΙΙ,
239 3053 290 3115 10,)
313 3048 360 3100 ubi
384 3047 507 3101 ridentur
523 3047 548 3100 Γ
564 3049 706 3112 appareat
733 3046 835 3112 Μώμου
860 3050 955 3115 τέκνα,
983 3049 1188 3122 Ζηνοδότου

181 3117 367 3176 σκύλακες,
384 3117 414 3166 οἱ
431 3116 510 3184 περὶ
560 3118 767 3187 ulliusque,
786 3115 864 3169 οἵτ’
884 3118 940 3169 ἀπ’
958 3117 1187 3194 Ἀριστάρχου

180 3188 264 3300 {qves
290 3183 480 3301 ἀξανΰοξὸγὲι,
508 3185 553 3270 ’rip
555 3188 640 3304 ςιῶἷῧ
645 3204 664 3253 ρ
668 3203 758 3304 lec}
757 3204 779 3304 ιφ
785 3185 1040 3307 ᾗῗῆοβόςιβυὸκεῖὴ
1039 3191 1186 3310 ἤυνὲἷύλῖ

180 3252 481 3374 [ὥπιέῖὲξσιὸζιῑῇῖῐεετ
500 3270 648 3388 ἶιῖἱίυροιεῖί
667 3272 795 3389 ῐὲζᾳιωω
819 3271 969 3383 Ιιυοῖἔυιιτε,
996 3261 1106 3379 notan?
1122 3277 1187 3377 wa:

179 3386 266 3453 ἀμφὶ
292 3391 348 3440 τὸν
376 3386 574 3456 Ζηνόδοτον
599 3388 652 3439 καὶ
680 3389 913 3460 Ἀρίσταρχον
932 3399 1188 3457 γραμματικῶμ

178 3455 280 3525 πολλὴν
299 3459 348 3526 τὴν
368 3454 559 3526 ψυχρολογίαν.
594 3455 657 3511 Ver.
675 3456 748 3511 Hist.
763 3457 799 3512 II.
818 3474 845 3526 p.
868 3459 924 3513 117.
