2482 3960
596 269 775 321 „32-

187 432 281 488 neque
301 415 398 474 divino
418 413 534 487 iactam,
554 415 606 473 sed
626 413 700 475 forte
721 420 751 473 et
770 431 840 473 casu
859 420 958 474 natam
971 420 1061 487 atque
1073 432 1189 476 concre-

188 499 247 551 tam
267 508 332 551 esse
352 497 523 550 statuerent.
563 492 629 550 Non
648 497 755 563 metuo,
775 508 812 548 ne
832 493 896 562 quis
916 508 962 550 me
976 492 1079 550 similis
1102 498 1188 552 teme-

187 569 282 627 ritatis
303 574 429 640 accuset,
451 584 538 639 quum
558 569 689 640 vestigiis
709 566 882 626 artificiosae
903 569 1052 640 compagis
1073 574 1108 627 et
1126 570 1188 628 aliis

187 644 322 717 gravibus
342 644 437 703 causis
451 643 589 716 adducar,
609 651 642 702 ut
654 644 811 703 Homerum
824 661 881 702 non
894 645 1098 704 universorum
1108 648 1189 718 quasi
1209 650 1212 658 '

187 738 340 794 corporum
359 738 476 780 suorum
503 719 634 794 opificem
661 737 739 791 esse,
767 720 820 778 sed
838 720 912 778 hanc
932 726 1026 778 artem
1047 727 1080 779 et
1100 729 1188 781 struc-

186 805 281 856 turam
307 797 518 870 posterioribus
554 797 677 855 saeculis
697 797 818 855 inditam
837 802 943 869 putem.
985 798 1093 869 Neque
1115 800 1188 857 enim

185 873 216 930 id
235 880 356 947 repente
375 872 494 932 fortuito
514 871 630 946 factum,
651 889 750 931 verum
770 872 922 932 coniuncta
941 873 971 930 in
990 873 1047 932 hoc
1059 875 1186 947 plurium

185 956 315 1009 aetatum
334 951 536 1021 hominumque
556 950 653 1009 studia
671 949 840 1022 reperimus.
879 948 921 1008 Ut
934 954 1033 1008 autem
1047 966 1094 1024 ea,
1116 967 1188 1024 qnae

134 1036 172 1074 1³⁵
187 1025 250 1086 fieri
269 1044 326 1085 non
345 1031 475 1099 possunt,
495 1024 574 1085 facta
594 1026 714 1085 credere
735 1026 934 1084 stultissimum
954 1031 1009 1098 est,
1029 1027 1075 1085 ita
1088 1044 1187 1087 caren-

187 1103 255 1161 dum
284 1104 372 1161 etiam
398 1102 479 1175 illud,
509 1118 546 1160 ne
571 1104 718 1162 oculorum
743 1107 906 1161 nostrorum
932 1103 994 1161 acie
1014 1109 1142 1163 naturae
1161 1109 1188 1163 et

185 1195 283 1238 rerum
303 1178 374 1237 fines
393 1179 555 1251 metimur,
588 1184 619 1237 et
638 1179 715 1250 quod
734 1195 792 1238 nou
810 1179 867 1251 ipsi
886 1177 950 1236 fieri
969 1178 1142 1254 viderimus,
1159 1180 1187 1239 id

184 1254 248 1313 fieri
268 1256 381 1314 omnino
410 1271 468 1313 uon
487 1272 574 1327 posse
594 1257 752 1328 opinemur.
793 1255 852 1314 Sed
870 1255 1053 1328 pergendum
1074 1263 1123 1314 est
1140 1274 1187 1317 no·

185 1332 229 1390 bis
250 1331 288 1389 ad
308 1332 431 1389 alterum
457 1347 547 1402 genus
568 1338 812 1404 argumentorum,
839 1347 875 1390 ex
894 1347 959 1403 quo,
985 1332 1106 1391 etiamsi
1124 1334 1188 1393 reli·

186 1424 244 1479 qua
263 1408 359 1466 omnia
373 1407 552 1480 tollerentur,
573 1409 782 1481 inexplicabilis
809 1407 951 1467 dubitatio
965 1417 1141 1467 nasceretur
1153 1409 1187 1469 de

186 1485 320 1542 universa
339 1483 432 1542 forma
450 1484 552 1542 horum
574 1484 744 1543 carminum.
784 1484 840 1542 Est
860 1501 896 1544 ea
915 1501 998 1553 nunc,
1020 1485 1126 1559 inquit,
1147 1492 1187 1545 ta·

186 1561 232 1632 lis,
252 1566 285 1617 ut
304 1576 358 1618 nec
379 1559 489 1618 addere
509 1561 667 1633 quidquam
687 1578 741 1618 nec
761 1560 877 1619 demere
897 1561 984 1618 salvis
997 1561 1117 1633 legibus
1133 1563 1187 1621 ele·
1226 1589 1230 1594 ·

78 1672 80 1681 ι
187 1639 304 1709 gantiae
329 1637 426 1694 hceat.
471 1636 576 1710 Audio,
598 1644 628 1695 et
657 1654 693 1695 ex
717 1644 801 1710 parte
831 1638 916 1710 plane
941 1637 1059 1710 video‚-
1074 1639 1187 1710 illisque

187 1713 411 1776 διασκευασταῖς
440 1713 533 1772 habeo
555 1714 686 1786 gratiam.
726 1714 766 1771 At
785 1730 879 1772 nonne
900 1713 1030 1772 omnibus
1052 1715 1112 1772 erit
1130 1731 1187 1773 rna

186 1788 330 1858 niiestum,
352 1805 408 1847 eos.
421 1788 466 1846 his
487 1790 622 1862 operibus
643 1788 852 1849 conformandis
865 1791 1013 1863 propriam
1027 1796 1124 1849 artem
1138 1790 1188 1850 ad·

145 1912 160 1941 a
174 1865 324 1939 ⁸hibuisse,
346 1881 433 1937 quum
453 1866 680 1924 demonstratum
699 1865 795 1940 fuerit,
822 1868 852 1924 in
873 1873 994 1937 utroque
1013 1883 1074 1925 nou
1094 1867 1187 1940 modo,

188 1940 264 2019 quod
284 1946 352 1999 ante
373 1942 571 2015 ostendebam,
591 1944 750 2016 particulas
771 1941 919 2020 quasdam,
940 1940 993 2000 sed
1006 1947 1088 2001 totas
1101 1944 1188 2019 rhap-

187 2017 284 2075 sodias
304 2019 413 2090 inesse,
441 2035 515 2090 quae
536 2019 656 2077 Homeri
675 2036 732 2077 non
752 2025 833 2091 sunt,
864 2019 895 2076 id
916 2025 960 2076 est
981 2019 1059 2090 eim,
1093 2037 1112 2078 a
1133 2037 1187 2093 qno

186 2095 278 2152 maior
298 2111 365 2167 pars
387 2105 417 2152 et
436 2096 564 2167 priorum
583 2096 803 2168 rhapsodiarum
823 2097 915 2153 series
936 2094 1063 2152 deducta
1084 2096 1152 2156 esti

265 2171 386 2231 Constat
405 2173 464 2229 iam
486 2173 554 2231 olim
575 2172 737 2230 dubitatum
759 2188 822 2230 esse
844 2172 880 2229 ab
901 2170 1099 2244 Aristophane
1118 2173 1188 2246 Byr.

189 2247 420 2317 ethristorcho,
446 2265 503 2306 non
523 2250 607 2305 nhnis
629 2248 786 2307 audacibus
806 2250 835 2305 in
855 2249 910 2306 hoc
930 2263 1040 2319 genere
1064 2248 1190 2318 OritieIa

187 2324 418 2382 detauctoritate
439 2332 631 2383 extremorum
645 2325 793 2396 Odysseae
813 2324 880 2382 inde
894 2321 953 2400 ad.
966 2327 1030 2382 net.
1065 2324 1191 2384 Eadem-

188 2413 244 2469 que
263 2399 410 2457 dubitatio
436 2401 544 2458 iuiecta
569 2407 614 2458 cst
643 2402 731 2459 etiam
757 2401 795 2458 de
814 2401 922 2458 Iliados
944 2397 1008 2470 ill).
1048 2401 1192 2461 Neutrius

136 2498 174 2536 rae
188 2475 304 2547 quidem
325 2475 517 2549 ·dubit'ati0nis
546 2492 651 2534 causae
683 2479 712 2534 in
739 2483 871 2535 neutram
902 2483 1016 2549 partem
1045 2476 1148 2537 adhuc
1176 2495 1193 2537 a

188 2558 330 2623 quoquam
344 2548 511 2625 ,triplicatae
532 2559 607 2625 sunt,
627 2554 741 2613 illorum
762 2560 859 2610 autem
872 2560 1002 2612 veterum
1017 2551 1193 2626 disputatio·

186 2628 238 2685 ucs
258 2642 363 2701 parum
381 2626 509 2697 fideliter
527 2629 610 2687 nobis
631 2629 774 2688 traditae:
795 2646 862 2688 nam
877 2646 926 2688 eos
940 2629 1087 2688 historicis
1101 2633 1194 2693 ratio·

187 2704 272 2769 nibus
293 2704 463 2778 etantiqua
482 2696 559 2763 iama
578 2706 619 2763 ad
639 2705 860 2765 confirmandam
880 2722 942 2764 rem
953 2722 1020 2765 usos
1036 2722 1103 2765 esse
1119 2709 1194 2767 veri·

256 2928 281 2992 1)
296 2924 339 2981 De
356 2926 476 2994 Odyssea
492 2924 554 2979 ride
572 2925 661 2981 Schol.
679 2925 756 2979 adv.
775 2941 796 2977 c.
816 2931 843 2978 et
861 2924 987 2978 Eustath.
1005 2941 1032 2992 p.
1054 2929 1131 2983 1948.
1151 2930 1193 2984 47.

188 2993 341 3061 ibidemque
359 2995 469 3061 Oiankii,
486 2994 618 3048 Daccriae
637 3000 664 3047 et
676 2993 754 3060 Popii
771 2993 856 3054 Nota,
875 2993 922 3047 ubi
938 2993 1116 3048 Aristarchea
1135 3011 1194 3050 sen·

188 3061 275 3115 tentia
293 3069 320 3114 et
338 3062 400 3115 novi
417 3063 554 3115 adiutores
571 3061 810 3129 amerciabuntur,
828 3060 1001 3114 Gasaubonus
1012 3065 1040 3114 et
1052 3061 1194 3130 Rapinus:

189 3129 223 3183 de
239 3128 327 3185 Iliade
344 3128 426 3183 lensii
443 3130 519 3184 Ohss.
541 3127 576 3183 de
596 3129 657 3183 stilo
681 3129 759 3182 Hom.
783 3146 810 3196 p.
828 3133 887 3183 290.
907 3137 935 3182 et
953 3130 1057 3182 Dawes.
1075 3129 1193 3186 Miscelh

190 3197 248 3251 crit.
266 3214 293 3265 p.
314 3201 435 3265 idhsqq.
453 3205 530 3252 contr
567 3212 600 3251 ue
617 3198 668 3251 hos
685 3196 750 3251 Ern.
769 3199 803 3251 ad
821 3217 851 3250 ω.
873 3202 894 3250 1.
919 3196 1080 3265 Quanquam
1098 3199 1193 3254 Dave·

189 3267 244 3320 sius
262 3265 364 3333 primns
382 3268 463 3319 etiam
480 3267 511 3319 It
551 3296 558 3316 .
578 3269 663 3319 totam
680 3265 723 3318 vel
739 3281 864 3332 magnam
884 3265 942 3318 eius
953 3274 1059 3333 partem
1070 3266 1193 3322 Homero

190 3334 326 3400 indignam
343 3335 528 3390 iudicaverat·
550 3331 585 3385 In
603 3333 721 3400 Odyssea
744 3340 887 3401 praeterea
903 3333 981 3386 codd.
999 3333 1106 3454 ahquot
1124 3334 1192 3389 indi-

190 3402 260 3455 cIum
275 3402 377 3457 hahent
391 3402 467 3455 ilhms
482 3399 650 3468 suspicionis,
668 3408 699 3454 ut
716 3401 874 3457 Olarhianus
884 3417 902 3455 a
914 3401 963 3455 Th.
975 3401 1047 3455 Bent
1058 3403 1101 3457 eio
1112 3403 1193 3459 colla·

189 3475 241 3536 tus,
261 3477 288 3522 et
306 3470 357 3523 duo
376 3468 507 3523 Vindobb.
525 3467 557 3522 V.
577 3473 605 3520 et
622 3469 769 3523 CXXXIII.
