2482 3960
522 293 700 369 Τιθ-

109 442 163 501 sed
184 447 327 500 extremes
348 447 461 498 tantum
474 438 544 496 fines
560 440 621 496 eius
636 444 666 497 et
679 455 816 497 summam
829 455 995 511 proponam.
1019 439 1113 511 Igitur

106 535 196 590 quum
215 519 351 589 vulgatae
372 517 532 588 scripturae
553 515 745 574 conditionem
766 521 795 573 et
825 517 886 575 eius
912 513 1112 574 reformandae

108 595 313 654 necessitatem
333 593 468 664 attigero,
488 593 595 664 primas
615 592 707 650 lineas
728 592 803 650 dabo
817 592 1035 664 disquisitionis,
1055 608 1112 665 qua

107 687 163 744 per
182 689 228 724 oea
248 679 347 725 aeratae
366 669 493 741 disparis
513 669 657 726 intervalli
678 675 708 726 et
728 669 837 740 ingenii
856 669 978 726 interior
990 668 1112 727 historia

108 747 212 805 critica
231 745 332 804 horum
353 745 516 804 Garminum
537 745 574 802 ad
595 750 723 803 nostrum
742 761 833 816 usque
853 751 966 817 tempus
988 744 1110 802 deduca-

108 830 166 895 tur,
216 822 340 877 Priorum
364 831 475 877 aetatem
505 822 635 894 ponimus
662 822 699 879 ab
731 823 833 892 origine
857 823 992 891 ipsoram,
1026 821 1052 878 h.
1084 838 1110 879 e.

109 907 240 971 tempore
261 898 388 956 cultioris
409 898 505 970 poesis
525 898 625 955 lonum
647 897 774 967 (circiter
794 902 861 954 ante
876 897 942 955 cnr.
964 903 1051 968 aba),
1072 898 1110 956 ad

109 978 294 1047 Pisistratum,
314 981 467 1045 tyrannum
480 973 695 1046 Atheniensem,
716 975 800 1031 cuia
821 973 966 1030 veteribus
988 973 1108 1032 duorum

107 1068 269 1123 corporum,
291 1067 364 1122 quae
384 1067 459 1107 nunc
479 1050 599 1121 obtinet,
620 1051 771 1123 dispositio
792 1049 943 1119 tribuitur3
963 1050 999 1108 ll.
1021 1066 1038 1106 a
1059 1050 1110 1106 Pi-

105 1131 218 1183 eiotroto
239 1127 277 1184 ad
298 1129 478 1196 Zenodotam,
504 1127 553 1197 qui
579 1127 688 1200 primus
717 1143 753 1184 ex
773 1125 973 1184 Grammaticis
994 1127 1111 1184 criticae

107 1203 283 1273 Homericae
313 1203 501 1261 celebriorem
527 1203 602 1261 viam
634 1204 762 1276 aperuit,
788 1202 839 1259 III.
864 1218 884 1259 a
910 1206 1047 1257 Zenodoro
1072 1202 1111 1260 ad

110 1282 256 1350 Apiooom,
289 1286 409 1351 propter
436 1284 528 1336 artem
561 1280 772 1352 interpretandi
796 1283 915 1350 poetae,
948 1284 980 1337 ut
1001 1279 1111 1338 Seneca

108 1356 219 1427 scribit,
240 1362 305 1414 tota
325 1355 450 1414 Graecia
470 1355 682 1426 circumlatum3
703 1356 751 1413 IV.
772 1355 809 1412 ab
829 1356 883 1413 hoe
902 1355 968 1412 inde
989 1355 1027 1412 ad
1041 1358 1111 1411 Lon·

106 1434 201 1503 ginam
221 1448 256 1489 ac
276 1432 448 1504 discipulum
468 1432 539 1503 eius,
559 1433 751 1504 Porphyrium,
772 1447 790 1490 a
810 1448 868 1502 quo
888 1439 1010 1503 utroque
1025 1433 1111 1491 lectio

107 1515 140 1566 et
159 1508 362 1581 interpretatio
375 1508 495 1566 Homeri
514 1509 637 1579 quedam
657 1509 741 1567 medo
762 1508 862 1566 adiuta
882 1514 940 1578 est,
960 1508 993 1565 V.
1009 1524 1026 1565 a
1040 1511 1110 1563 Por-
1124 1526 1149 1564 aa

104 1586 205 1656 ptyra'o
219 1600 310 1655 usque
324 1585 362 1642 ad
376 1588 523 1642 auctorem
538 1584 672 1644 editionis
686 1585 834 1658 principis,
848 1586 1014 1638 Demetrium
1031 1586 1110 1640 Cloi-

111 1663 244 1730 oooolylea,
266 1661 487 1730 Atheniensem3
507 1661 555 1719 VI.
577 1661 678 1720 horum
698 1662 785 1718 trium
805 1661 997 1733 proximorum
1012 1678 1111 1718 saecu·

109 1737 211 1808 lerum,
232 1737 334 1808 quibus
355 1737 500 1794 Homerus
519 1739 606 1796 variis
626 1738 718 1797 modis
739 1737 855 1810 ingenia
874 1737 999 1794 virorum
1014 1737 1111 1796 docto-

106 1830 172 1870 rum
192 1819 222 1871 et
235 1811 362 1872 officinas
377 1815 621 1887 typographorum
643 1815 773 1873 exercuit
784 1812 819 1885 θ).
840 1814 922 1872 Haec
941 1813 1021 1885 prior
1041 1830 1109 1886 pars
1123 1830 1148 1870 ar

107 1890 166 1947 erit
179 1890 262 1947 huius
276 1887 483 1960 Praefationis3
504 1893 649 1963 posterior
668 1893 698 1948 in
713 1891 817 1962 causis,
838 1890 940 1963 quibus
953 1891 1110 1948 Homerica
1195 1895 1200 1906 ’

64 2019 71 2032 ,
109 1965 274 2025 emendatio
298 1966 422 2037 nitatur,
449 1969 682 2039 gravissimisque
709 1975 749 2026 et
763 1968 888 2039 propriis
915 1967 977 2023 eins
997 1966 1111 2038 legibus

108 2047 198 2113 atque
218 2043 248 2099 in
267 2042 380 2100 ratione
400 2043 512 2100 consilii
531 2045 623 2103 nostri
642 2043 792 2101 reddenda
812 2042 983 2100 versabitur.

162 2165 185 2229 2)
202 2165 278 2220 Haec
297 2183 351 2222 una
368 2173 504 2235 postrema
521 2171 604 2234 aetas,
624 2182 703 2234 quam
721 2167 749 2220 in
768 2167 865 2220 ceteris
883 2165 1057 2233 scriptoribus
1075 2165 1112 2218 hi·

111 2231 198 2286 storia
215 2231 348 2288 litteraria
365 2251 426 2289 raro
445 2233 596 2302 egreditur,
620 2239 724 2288 tantum
748 2239 906 2302 proventum
928 2233 1011 2287 habet
1029 2233 1113 2288 omnis

111 2301 218 2368 generis
236 2300 373 2370 librorum,
391 2309 422 2356 ut
440 2302 532 2357 titulos
551 2317 642 2354 eorum
660 2317 821 2370 percensere
839 2318 883 2354 ma
919 2317 964 2355 um
976 2300 1113 2369 negotium

109 2369 154 2422 ait.
190 2368 301 2423 (iuravit
319 2369 347 2423 id
364 2386 451 2438 nuper
468 2385 554 2424 novus
571 2369 667 2423 Editor
679 2369 863 2424 Bibliothecae
899 2369 1051 2423 abricianae
1069 2384 1111 2424 co·

112 2436 188 2503 piese
206 2442 235 2489 et
252 2444 392 2505 accurate3
409 2454 496 2518 neque
515 2437 560 2491 ille
578 2445 668 2491 tamen
680 2438 707 2491 in
719 2437 868 2492 iudicandis
880 2438 1062 2492 instrumentis
1074 2437 1113 2491 rei

107 2503 221 2558 criticae
240 2511 269 2558 et
285 2505 373 2559 indice
391 2506 537 2561 editronum
556 2506 615 2559 aliis
638 2506 705 2559 nihil
727 2506 885 2561 mutandum
909 2513 937 2559 et
962 2505 1114 2573 augendum

110 2570 228 2640 reliquit.
264 2571 350 2627 Nobis
367 2590 431 2628 vero
449 2575 547 2628 iterum
565 2575 691 2628 monendi
703 2581 765 2627 sunt
776 2574 900 2640 lectores,
919 2589 953 2627 ne
965 2573 1030 2642 quid
1041 2573 1115 2627 aliud

108 2645 271 2718 erspectent
289 2657 370 2710 quam
383 2641 514 2696 uberioris
527 2642 679 2710 scriptionis
692 2642 929 2709 adumbrationem,
948 2648 976 2694 et
989 2657 1046 2695 eam
1059 2656 1114 2694 ma·

107 2721 152 2774 gra
169 2722 198 2760 ιιι
215 2708 344 2762 rnteriore
362 2726 413 2764 usu
431 2709 540 2764 criticae
558 2710 640 2763 silvae
660 2727 740 2778 quam
753 2711 780 2764 in
791 2709 874 2764 rebus
886 2709 1024 2764 litterariis
1037 2725 1114 2764 occu·

111 2779 213 2894 fletam.
249 2774 421 2845 Quapropter
440 2779 564 2845 antiquos
582 2778 749 2845 potissimum
761 2778 851 2832 fontes
862 2778 1043 2846 anquiremuS,
1061 2793 1115 2831 non

132 2857 162 2896 os
179 2843 295 2898 novitios
312 2844 446 2899 editorum
459 2845 606 2899 librorum:
625 2846 722 2914 quibus
741 2861 810 2914 quae
828 2845 917 2899 factae
936 2853 998 2900 sunt
1015 2844 1115 2898 vicissi-

109 2907 218 2964 tudines
236 2917 340 2980 textus,
359 2913 382 2965 si
400 2928 460 2967 cum
478 2912 530 2966 illie
549 2919 756 2981 comparentur,
773 2913 820 2966 vix
838 2912 934 2981 dignae
952 2918 1014 2966 sunt
1038 2927 1115 2967 occu·

106 2977 167 3044 pati
183 2978 300 3033 hominis
317 2980 496 3048 indagatione.
532 2980 646 3035 Omnino
663 2981 693 3034 in
704 2982 757 3036 hac
768 2985 847 3049 parte
859 2981 1029 3048 antiquarum
1041 2979 1115 3034 litte·

109 3059 200 3098 rarum
218 3046 335 3114 plurima
353 3054 428 3115 sunt,
454 3063 523 3116 quae
541 3064 575 3102 ne
593 3055 621 3102 te
638 3049 741 3103 lateant
780 3047 873 3106 sedulo
891 3063 986 3103 curare
1004 3047 1116 3115 debeas;

107 3111 159 3165 sed
176 3112 223 3181 ita,
241 3120 272 3193 ut
290 3115 381 3169 statim
393 3118 501 3184 cognita
514 3117 556 3170 vel
569 3117 670 3171 chartis
681 3089 811 3172 mandata
822 3116 939 3171 libenter
950 3115 1116 3179 obliviscare,

106 3179 207 3234 saltem
225 3181 377 3238 dissimules
394 3199 435 3305 eiaf
454 3199 523 3252 quae
541 3183 642 3238 frustra
660 3185 808 3252 collegeris.
832 3185 873 3239 'Si
890 3186 956 3255 quid
973 3190 1064 3239 autem
1081 3183 1116 3238 ab

108 3247 171 3301 aliis
189 3249 242 3303 iarn
260 3249 361 3304 dudum
380 3267 411 3307 co
433 3258 521 3306 ectum
539 3257 672 3321 repetam,
691 3253 825 3307 communi
842 3253 956 3307 materia
973 3258 1035 3306 utar
1047 3268 1116 3308 novo

109 3315 197 3370 modo.
217 3315 277 3383 Qua
294 3317 322 3370 in
340 3334 370 3373 re
387 3335 430 3373 me
448 3320 591 3375 admodum
609 3320 753 3375 sollicitum
771 3321 873 3374 habent
885 3320 1025 3388 angustiae
1036 3321 1117 3374 huius

112 3381 204 3463 hbelh,
222 3384 294 3438 unde
311 3384 431 3442 brevitas
449 3388 562 3442 exsistet
578 3404 674 3456 parurn
693 3395 758 3512 agita
776 3387 875 3442 talibus
887 3388 976 3458 rebus,
995 3393 1023 3442 et
1034 3389 1116 3443 inter·

109 3449 379 3532 dumrmmodestiae
398 3455 515 3523 speciem
532 3455 667 3510 habitura.
723 3454 757 3510 ed
774 3454 922 3525 parendum
940 3463 1000 3512 erat
1024 3471 1115 3512 neces·

107 3522 192 3588 artatr,
211 3527 293 3574 etiam
311 3537 372 3576 curn
390 3521 556 3578 incommodo
576 3523 701 3593 quodam.
1067 3528 1071 3535 '
