2482 3960
130 607 142 644 ⁸
213 606 336 666 Abiecta
356 624 425 679 ergo
445 622 512 680 spe,
539 604 600 666 iore
621 624 759 680 unquam,
787 613 819 666 ut
842 608 1005 668 Carminum
1024 609 1159 668 Homeri·
1228 670 1231 673 .

155 700 340 755 eorumquae
354 682 589 757 primitusfuerit
601 681 702 756 forma,
716 683 785 743 alibi
800 700 885 755 quam
899 687 928 743 in
941 691 1036 744 mente
1048 691 1157 751 nostra,

156 765 186 817 et
205 759 370 836 idquidem
391 760 511 818 rudibus
530 760 624 831 lineis,
645 759 714 832 fingi
736 766 832 832 queat,
855 762 1060 834 experiendum
1078 762 1159 819 vide-

155 836 256 908 batur,
278 853 334 908 qno
354 853 406 895 nos
426 837 456 893 in
477 836 654 910 expoliendis
674 837 719 895 his
741 837 867 895 aeternis
888 844 918 895 et
938 839 1029 895 unicis
1051 838 1158 896 Graeci

155 913 265 985 ingenii
284 912 412 984 reliquiis
426 914 551 985 vestigia
571 913 751 983 antiquitatis
766 913 913 971 ducerent.
954 916 1045 985 Quam
1060 931 1158 972 curam

155 1006 242 1060 quum
261 990 337 1047 inter
357 994 401 1049 tot
420 989 544 1060 diversa,
565 1005 639 1060 quae
653 989 755 1048 melior
770 1006 868 1047 earum
884 991 1040 1048 illustratio
1053 991 1156 1062 poscit,

154 1066 276 1138 primam
297 1072 326 1124 et
345 1066 466 1124 maxime
486 1066 679 1127 necessariam
700 1082 764 1124 esse
779 1081 935 1138 censerem,
955 1066 1010 1124 bac
1024 1066 1157 1124 editione

155 1142 193 1200 ad
207 1159 271 1199 eam
284 1143 327 1199 ita
341 1142 466 1200 animum
480 1143 616 1215 applicui,
630 1147 663 1199 ut
676 1143 862 1201 accuratioris
876 1143 1060 1214 recensionis,
1076 1143 1157 1199 cuius

153 1218 269 1276 modum
289 1233 377 1291 supra
397 1218 556 1290 designavi,
578 1219 723 1290 specimen
745 1218 853 1276 darem.
894 1218 927 1275 Id
941 1219 1067 1278 Homero
1088 1235 1158 1277 non·

156 1295 223 1351 dum
237 1295 402 1365 contigisse,
422 1295 498 1352 inter
512 1293 641 1352 eruditos
656 1299 776 1352 constat.
810 1294 885 1353 Nam
899 1296 1157 1353 instrumentorum

155 1370 257 1429 idoneo
271 1385 389 1429 numero
404 1376 536 1428 carentes
550 1369 674 1428 antehac
688 1370 815 1429 editores
830 1387 866 1428 ne
880 1376 1016 1443 poterant
1030 1371 1154 1442 quidem,

155 1448 180 1504 si
193 1446 359 1518 voluissent,
379 1447 438 1505 tale
453 1447 602 1507 consilium
616 1446 701 1504 inire:
723 1447 821 1518 itaque
835 1448 1013 1520 plerumque,
1033 1448 1089 1504 nisi
1104 1462 1154 1504 eos

154 1521 229 1581 forte
248 1523 352 1594 aliquis
372 1540 483 1595 pannus
504 1522 612 1582 Scholii
631 1524 677 1581 vel
696 1523 843 1582 Eustathii
863 1523 1006 1583 codicisve
1027 1523 1156 1581 varietas

154 1604 355 1672 commoveret,
376 1599 477 1659 obviae
497 1599 700 1672 perspicuitati
720 1601 926 1660 sententiarum
942 1616 1043 1658 secure
1058 1598 1155 1657 indor-

154 1675 290 1735 miebant.
329 1674 411 1736 Adeo
432 1677 558 1746 Homero
579 1676 700 1748 insignis
721 1694 774 1735 sua
793 1678 856 1735 laus
871 1677 1043 1734 tenuitatem
1057 1675 1156 1733 attulit

157 1756 188 1810 et
206 1752 337 1824 maciem,
358 1768 444 1823 quum
464 1753 514 1810 alii
534 1753 612 1812 vitiis
625 1753 685 1810 suis
699 1754 930 1825 pinguescerent.
957 1752 1155 1823 Lycophronis

156 1827 290 1886 tenebras
318 1829 344 1887 si
368 1828 535 1900 obiecisset,
560 1830 663 1886 mirum
684 1830 713 1885 ni
734 1831 761 1886 ei
787 1829 841 1886 toti
867 1843 971 1899 greges
995 1827 1175 1895 baiulorum⁴

155 1905 213 1962 iam
233 1902 341 1963 dudum
360 1905 454 1963 lucem
473 1904 662 1974 undecunque
683 1910 895 1977 apportassent.
935 1904 1000 1962 Non
1022 1919 1076 1975 ego
1098 1904 1157 1959 cui·

153 1997 239 2052 quam
259 1996 367 2054 eorum,
388 1983 437 2052 qui
456 1987 571 2054 poetam
591 1981 658 2038 olim
679 1979 841 2050 ediderunt,
862 1980 931 2038 vitio
952 1985 1071 2051 vertam,
1092 1985 1151 2037 tam

153 2074 255 2130 perum
275 2056 404 2118 studiose
424 2057 460 2116 ab
481 2059 516 2116 iis
529 2056 710 2115 membranas
725 2062 755 2115 et
768 2057 904 2128 reliquias
920 2056 1098 2115 Scholiorum
1121 2071 1157 2112 ex

155 2134 338 2194 bibliothecis
358 2135 534 2206 conquisitas
562 2149 639 2192 esse:
666 2133 696 2192 id
721 2132 854 2192 fortunae
879 2133 971 2204 magis
1000 2139 1045 2191 est
1071 2148 1156 2202 quam

155 2211 264 2282 ingenii
288 2216 340 2270 aut
364 2211 538 2270 industriae:
565 2226 729 2282 quanquam
753 2210 897 2281 nonnulli,
928 2216 961 2266 ut
988 2209 1156 2280 Berglerus,

155 2288 243 2344 etiam
263 2286 375 2346 oblatas
396 2287 536 2347 eiusmodi
556 2303 626 2361 opes
640 2291 825 2360 spreverunt3
846 2286 911 2343 aliis
925 2290 1031 2355 autem,
1052 2290 1084 2342 ut
1097 2285 1156 2340 lta-

130 2363 219 2420 elicis
245 2362 418 2434 editoribus,
439 2379 538 2421 earum
558 2362 730 2421 utendarum
750 2361 872 2419 facultas
892 2362 922 2417 in
950 2361 1054 2418 vicinia
1081 2364 1152 2417 eret.

155 2440 188 2496 In
208 2439 253 2496 his
272 2438 369 2510 rebus,
389 2445 423 2496 ut
442 2437 510 2511 dixi,
531 2454 615 2496 casus
636 2437 807 2497 dominatur.
848 2436 906 2495 Sed
926 2436 1003 2508 quod
1023 2453 1059 2494 ne
1080 2435 1155 2507 haec

155 2514 280 2587 quidem,
300 2530 375 2586 quae
395 2513 473 2588 apud
492 2515 623 2587 vulgatos
644 2515 809 2587 scriptores,
830 2511 1039 2572 Grammaticos
1055 2518 1084 2570 et
1098 2512 1156 2569 Le-

154 2591 346 2664 xicograpbos
366 2591 396 2648 in
416 2596 552 2664 promptu
572 2595 664 2662 erant,
684 2606 739 2648 nec
758 2594 897 2662 congesta
916 2589 953 2648 ab
974 2590 1032 2647 ullo
1048 2604 1155 2659 eorum,

155 2666 308 2738 nequead
329 2667 559 2726 constituendum
578 2672 689 2725 textum
709 2665 840 2724 adhibita
859 2671 940 2737 sunt,
972 2664 1003 2722 id
1030 2665 1083 2723 soli
1106 2681 1156 2722 ne-

157 2743 313 2817 gligentiae
327 2759 362 2802 ac
374 2742 487 2803 levitati
499 2741 699 2817 imputandum
719 2742 836 2801 dixeris.
866 2741 941 2800 Nam
955 2742 1018 2813 quis
1032 2742 1155 2814 primum

157 2821 270 2879 evolvat
289 2837 315 2878 v.
330 2837 353 2877 c.
368 2819 552 2894 Apollonium
565 2819 730 2892 Dyscolum,
750 2818 980 2891 Etymologicum
993 2817 1044 2889 M,
1064 2817 1156 2888 Hesy-

156 2896 259 2968 chium,
274 2897 343 2968 quin
357 2897 455 2956 statim
465 2896 579 2969 viderit,
592 2896 697 2955 multas
708 2896 749 2955 ibi
759 2895 899 2954 lectiones
911 2901 940 2952 et
951 2891 1157 2970 decroypapc‘ac

156 2973 270 3032 latere?
290 2978 323 3030 ut
342 2972 426 3031 huius
447 2978 526 3033 certe
540 2975 583 3032 rei
596 2973 736 3032 monitore
750 2989 833 3030 nemo
848 2976 956 3043 egeret.
983 2970 1024 3029 At
1036 2971 1155 3029 minoris

157 3064 265 3122 operae
286 3055 340 3119 cst,
360 3049 490 3122 virgulae
511 3048 624 3109 cuidam
644 3047 759 3108 divinae
778 3047 878 3120 fidere,
899 3047 925 3104 si
944 3047 1014 3118 quid
1029 3063 1064 3106 ea
1077 3047 1153 3105 inter

157 3127 251 3199 ipsam
271 3142 369 3184 curam
389 3124 495 3185 edendi
507 3126 618 3198 offerat,
639 3142 724 3198 quem
737 3131 782 3186 tot
795 3130 855 3183 tam
868 3123 990 3182 tetricae
1004 3123 1152 3182 doetrinae

157 3202 247 3263 libros
267 3207 409 3276 mactare,
430 3203 524 3262 animo
545 3202 583 3263 ad
602 3219 689 3262 unum
709 3218 781 3276 opus
801 3201 921 3259 intento.
963 3196 1155 3272 quotquod

46 3322 48 3327 -
159 3295 209 3338 eos
229 3295 265 3337 ne
284 3278 470 3339 Eustathium
490 3279 619 3352 quidem,
641 3280 687 3338 cui
707 3293 805 3339 omnes
825 3275 1072 3349 interpretationis
1092 3273 1153 3331 Ho-

157 3356 283 3414 mericae
302 3356 428 3429 palmam
448 3353 569 3428 dabant,
592 3361 684 3415 totum
703 3359 870 3416 constanter
889 3354 1103 3427 pervolutasse,
1125 3354 1155 3407 et

155 3432 332 3579 gpgaglthuic
364 3433 461 3491 insunt
492 3432 576 3490 utilia
609 3433 801 3506 excerpsisse,
835 3430 954 3503 quaevis
985 3427 1156 3502 Rhapsodia
