<?xml version="1.0" encoding="UTF-8"?>
<!DOCTYPE html PUBLIC "-//W3C//DTD XHTML 1.0 Transitional//EN"
    "http://www.w3.org/TR/xhtml1/DTD/xhtml1-transitional.dtd">
<html xmlns="http://www.w3.org/1999/xhtml" xml:lang="en" lang="en">
 <head>
  <title>
</title>
<meta http-equiv="Content-Type" content="text/html;charset=utf-8" />
  <meta name='ocr-system' content='tesseract 3.04.00' />
  <meta name='ocr-capabilities' content='ocr_page ocr_carea ocr_par ocr_line ocrx_word'/>
</head>
<body>
  <div class='ocr_page' id='page_1' title='image "./prolegomenaadho01wolfgoog_0092.png"; bbox 0 0 2482 3960; ppageno 0'>
   <div class='ocr_carea' id='block_1_1' title="bbox 479 311 657 366">
    <p class='ocr_par' dir='ltr' id='par_1_1' title="bbox 479 311 657 366">
     <span class='ocr_line' id='line_1_1' title="bbox 479 311 657 366; baseline 0 -18"><span class='ocrx_word' id='word_1_1' title='bbox 479 311 657 366; x_wconf 72' lang='lat'>-09...</span> 
     </span>
    </p>
   </div>
   <div class='ocr_carea' id='block_1_2' title="bbox 486 541 648 622">
    <p class='ocr_par' dir='ltr' id='par_1_2' title="bbox 486 541 648 622">
     <span class='ocr_line' id='line_1_2' title="bbox 486 541 648 622; baseline 0.037 -6"><span class='ocrx_word' id='word_1_2' title='bbox 486 541 648 622; x_wconf 89' lang='lat' dir='ltr'>XXVII.</span> 
     </span>
    </p>
   </div>
   <div class='ocr_carea' id='block_1_3' title="bbox 71 686 1123 916">
    <p class='ocr_par' dir='ltr' id='par_1_3' title="bbox 71 686 1123 916">
     <span class='ocr_line' id='line_1_3' title="bbox 130 686 1123 764; baseline -0.003 -18"><span class='ocrx_word' id='word_1_3' title='bbox 130 686 326 747; x_wconf 88' lang='lat' dir='ltr'><strong>Difficultates</strong></span> <span class='ocrx_word' id='word_1_4' title='bbox 340 689 414 760; x_wconf 91' lang='lat' dir='ltr'><strong>illas,</strong></span> <span class='ocrx_word' id='word_1_5' title='bbox 429 705 500 760; x_wconf 91' lang='lat' dir='ltr'><strong>quas</strong></span> <span class='ocrx_word' id='word_1_6' title='bbox 515 688 634 748; x_wconf 87' lang='lat' dir='ltr'><strong>mirifica</strong></span> <span class='ocrx_word' id='word_1_7' title='bbox 647 688 739 750; x_wconf 87' lang='lat' dir='ltr'><strong>forma</strong></span> <span class='ocrx_word' id='word_1_8' title='bbox 756 695 787 748; x_wconf 91' lang='lat' dir='ltr'><strong>et</strong></span> <span class='ocrx_word' id='word_1_9' title='bbox 800 689 957 764; x_wconf 82' lang='lat' dir='ltr'><strong>descriptio</strong></span> <span class='ocrx_word' id='word_1_10' title='bbox 970 691 1071 751; x_wconf 92' lang='lat' dir='ltr'><strong>horum</strong></span> <span class='ocrx_word' id='word_1_11' title='bbox 1085 702 1123 743; x_wconf 77' lang='grc' dir='ltr'><strong>ιιι</strong></span> 
     </span>
     <span class='ocr_line' id='line_1_4' title="bbox 71 760 1122 841; baseline -0.003 -20"><span class='ocrx_word' id='word_1_12' title='bbox 71 760 152 822; x_wconf 81' lang='grc' dir='ltr'><em>ἐπῶν</em></span> <span class='ocrx_word' id='word_1_13' title='bbox 178 765 361 838; x_wconf 87' lang='lat' dir='ltr'><strong>partiumque</strong></span> <span class='ocrx_word' id='word_1_14' title='bbox 381 765 532 838; x_wconf 80' lang='lat' dir='ltr'><strong>dispositio</strong></span> <span class='ocrx_word' id='word_1_15' title='bbox 552 765 660 839; x_wconf 91' lang='lat' dir='ltr'><strong>obiicit,</strong></span> <span class='ocrx_word' id='word_1_16' title='bbox 681 767 847 840; x_wconf 79' lang='lat' dir='ltr'><strong>singulatim</strong></span> <span class='ocrx_word' id='word_1_17' title='bbox 868 767 1070 841; x_wconf 85' lang='lat' dir='ltr'><strong>expendendas</strong></span> <span class='ocrx_word' id='word_1_18' title='bbox 1085 780 1122 820; x_wconf 85' lang='lat' dir='ltr'><strong>us</strong></span> 
     </span>
     <span class='ocr_line' id='line_1_5' title="bbox 71 840 1069 916; baseline 0 -16"><span class='ocrx_word' id='word_1_19' title='bbox 71 846 104 900; x_wconf 90' lang='lat' dir='ltr'><strong>et</strong></span> <span class='ocrx_word' id='word_1_20' title='bbox 129 840 259 900; x_wconf 91' lang='lat' dir='ltr'><strong>omnibus</strong></span> <span class='ocrx_word' id='word_1_21' title='bbox 284 841 391 900; x_wconf 90' lang='lat' dir='ltr'><strong>viribus</strong></span> <span class='ocrx_word' id='word_1_22' title='bbox 418 847 507 913; x_wconf 90' lang='lat' dir='ltr'><strong>atque</strong></span> <span class='ocrx_word' id='word_1_23' title='bbox 533 842 636 914; x_wconf 92' lang='lat' dir='ltr'><strong>opibus</strong></span> <span class='ocrx_word' id='word_1_24' title='bbox 661 843 809 916; x_wconf 81' lang='lat' dir='ltr'><strong>augendas</strong></span> <span class='ocrx_word' id='word_1_25' title='bbox 834 844 898 902; x_wconf 92' lang='lat' dir='ltr'><strong>aliis</strong></span> <span class='ocrx_word' id='word_1_26' title='bbox 918 843 1069 905; x_wconf 86' lang='lat' dir='ltr'><strong>mandabo.</strong></span> 
     </span>
    </p>
   </div>
   <div class='ocr_carea' id='block_1_4' title="bbox 55 1000 1167 3238">
    <p class='ocr_par' dir='ltr' id='par_1_4' title="bbox 55 1000 1167 3238">
     <span class='ocr_line' id='line_1_6' title="bbox 73 1000 1069 1070; baseline 0.001 -14"><span class='ocrx_word' id='word_1_27' title='bbox 73 1010 151 1056; x_wconf 85' lang='lat' dir='ltr'><strong>terea</strong></span> <span class='ocrx_word' id='word_1_28' title='bbox 173 1002 283 1057; x_wconf 85' lang='lat' dir='ltr'><strong>subinde</strong></span> <span class='ocrx_word' id='word_1_29' title='bbox 306 1007 334 1056; x_wconf 91' lang='lat' dir='ltr'><strong>et</strong></span> <span class='ocrx_word' id='word_1_30' title='bbox 352 1001 471 1070; x_wconf 78' lang='lat' dir='ltr'><strong>abolevi,</strong></span> <span class='ocrx_word' id='word_1_31' title='bbox 495 1000 625 1070; x_wconf 92' lang='lat' dir='ltr'><strong>quidquid</strong></span> <span class='ocrx_word' id='word_1_32' title='bbox 642 1002 747 1056; x_wconf 91' lang='lat' dir='ltr'><strong>illarum</strong></span> <span class='ocrx_word' id='word_1_33' title='bbox 765 1002 832 1055; x_wconf 94' lang='lat' dir='ltr'><strong>mihi</strong></span> <span class='ocrx_word' id='word_1_34' title='bbox 850 1008 1019 1070; x_wconf 80' lang='lat' dir='ltr'><strong>notaveram,</strong></span> <span class='ocrx_word' id='word_1_35' title='bbox 1046 1003 1069 1057; x_wconf 93' lang='lat' dir='ltr'><strong>si</strong></span> 
     </span>
     <span class='ocr_line' id='line_1_7' title="bbox 70 1069 1069 1137; baseline 0.002 -15"><span class='ocrx_word' id='word_1_36' title='bbox 70 1070 141 1124; x_wconf 81' lang='lat' dir='ltr'><strong>torte</strong></span> <span class='ocrx_word' id='word_1_37' title='bbox 158 1070 192 1123; x_wconf 92' lang='lat' dir='ltr'><strong>iis</strong></span> <span class='ocrx_word' id='word_1_38' title='bbox 204 1085 238 1124; x_wconf 84' lang='lat' dir='ltr'><strong>ex</strong></span> <span class='ocrx_word' id='word_1_39' title='bbox 249 1069 379 1124; x_wconf 90' lang='lat' dir='ltr'><strong>memoria</strong></span> <span class='ocrx_word' id='word_1_40' title='bbox 391 1075 419 1122; x_wconf 89' lang='lat' dir='ltr'><strong>et</strong></span> <span class='ocrx_word' id='word_1_41' title='bbox 430 1070 517 1123; x_wconf 90' lang='lat' dir='ltr'><strong>animo</strong></span> <span class='ocrx_word' id='word_1_42' title='bbox 530 1069 631 1137; x_wconf 89' lang='lat' dir='ltr'><strong>elapsis</strong></span> <span class='ocrx_word' id='word_1_43' title='bbox 643 1069 788 1123; x_wconf 77' lang='lat' dir='ltr'><strong>succedens</strong></span> <span class='ocrx_word' id='word_1_44' title='bbox 801 1070 853 1124; x_wconf 93' lang='lat' dir='ltr'><strong>alio</strong></span> <span class='ocrx_word' id='word_1_45' title='bbox 866 1075 987 1137; x_wconf 88' lang='lat' dir='ltr'><strong>tempore</strong></span> <span class='ocrx_word' id='word_1_46' title='bbox 999 1087 1069 1124; x_wconf 89' lang='lat' dir='ltr'><strong>nova</strong></span> 
     </span>
     <span class='ocr_line' id='line_1_8' title="bbox 68 1136 1068 1206; baseline -0.001 -14"><span class='ocrx_word' id='word_1_47' title='bbox 68 1138 198 1206; x_wconf 81' lang='lat' dir='ltr'><strong>cogitatio</strong></span> <span class='ocrx_word' id='word_1_48' title='bbox 224 1137 363 1206; x_wconf 83' lang='lat' dir='ltr'><strong>scrupulos</strong></span> <span class='ocrx_word' id='word_1_49' title='bbox 386 1137 501 1191; x_wconf 89' lang='lat' dir='ltr'><strong>tolleret.</strong></span> <span class='ocrx_word' id='word_1_50' title='bbox 537 1137 625 1190; x_wconf 88' lang='lat' dir='ltr'><strong>Semel</strong></span> <span class='ocrx_word' id='word_1_51' title='bbox 648 1137 716 1191; x_wconf 87' lang='lat' dir='ltr'><strong>adeo</strong></span> <span class='ocrx_word' id='word_1_52' title='bbox 739 1136 837 1205; x_wconf 91' lang='lat' dir='ltr'><strong>puduit</strong></span> <span class='ocrx_word' id='word_1_53' title='bbox 858 1152 901 1190; x_wconf 89' lang='lat' dir='ltr'><strong>me</strong></span> <span class='ocrx_word' id='word_1_54' title='bbox 919 1137 1068 1192; x_wconf 87' lang='lat' dir='ltr'><strong>ettaeduit</strong></span> 
     </span>
     <span class='ocr_line' id='line_1_9' title="bbox 68 1204 1069 1274; baseline 0.001 -16"><span class='ocrx_word' id='word_1_55' title='bbox 68 1206 148 1274; x_wconf 88' lang='lat' dir='ltr'><strong>plane</strong></span> <span class='ocrx_word' id='word_1_56' title='bbox 166 1205 225 1260; x_wconf 83' lang='lat' dir='ltr'><strong>viae</strong></span> <span class='ocrx_word' id='word_1_57' title='bbox 242 1206 286 1260; x_wconf 85' lang='lat' dir='ltr'><strong>rel</strong></span> <span class='ocrx_word' id='word_1_58' title='bbox 304 1205 402 1259; x_wconf 87' lang='lat' dir='ltr'><strong>erroris</strong></span> <span class='ocrx_word' id='word_1_59' title='bbox 418 1205 479 1272; x_wconf 90' lang='lat' dir='ltr'><strong>mei,</strong></span> <span class='ocrx_word' id='word_1_60' title='bbox 496 1205 567 1258; x_wconf 88' lang='lat' dir='ltr'><strong>lecto</strong></span> <span class='ocrx_word' id='word_1_61' title='bbox 585 1205 700 1259; x_wconf 89' lang='lat' dir='ltr'><strong>Perralti</strong></span> <span class='ocrx_word' id='word_1_62' title='bbox 716 1205 785 1260; x_wconf 92' lang='lat' dir='ltr'><strong>libro</strong></span> <span class='ocrx_word' id='word_1_63' title='bbox 795 1204 828 1259; x_wconf 94' lang='lat' dir='ltr'><strong>de</strong></span> <span class='ocrx_word' id='word_1_64' title='bbox 841 1206 992 1273; x_wconf 78' lang='lat' dir='ltr'><strong>comparat.</strong></span> <span class='ocrx_word' id='word_1_65' title='bbox 1002 1212 1069 1259; x_wconf 87' lang='lat' dir='ltr'><strong>vett:</strong></span> 
     </span>
     <span class='ocr_line' id='line_1_10' title="bbox 66 1272 1067 1342; baseline 0 -15"><span class='ocrx_word' id='word_1_66' title='bbox 66 1281 98 1328; x_wconf 86' lang='lat' dir='ltr'><strong>et</strong></span> <span class='ocrx_word' id='word_1_67' title='bbox 114 1279 235 1342; x_wconf 73' lang='lat' dir='ltr'><strong>recente,</strong></span> <span class='ocrx_word' id='word_1_68' title='bbox 254 1273 301 1327; x_wconf 92' lang='lat' dir='ltr'><strong>ubi</strong></span> <span class='ocrx_word' id='word_1_69' title='bbox 318 1273 349 1326; x_wconf 87' lang='grc' dir='ltr'><strong>Τ.</strong></span> <span class='ocrx_word' id='word_1_70' title='bbox 358 1272 407 1326; x_wconf 89' lang='grc' dir='ltr'><strong>ΠΙ.</strong></span> <span class='ocrx_word' id='word_1_71' title='bbox 419 1289 446 1340; x_wconf 93' lang='lat' dir='ltr'><strong>p.</strong></span> <span class='ocrx_word' id='word_1_72' title='bbox 460 1277 502 1328; x_wconf 79' lang='lat'><strong>35.</strong></span> <span class='ocrx_word' id='word_1_73' title='bbox 519 1273 548 1325; x_wconf 93' lang='lat' dir='ltr'><strong>in</strong></span> <span class='ocrx_word' id='word_1_74' title='bbox 560 1272 783 1341; x_wconf 86' lang='lat' dir='ltr'><strong>contemptionem</strong></span> <span class='ocrx_word' id='word_1_75' title='bbox 796 1273 963 1342; x_wconf 80' lang='lat' dir='ltr'><strong>antiquitatis</strong></span> <span class='ocrx_word' id='word_1_76' title='bbox 975 1274 1067 1338; x_wconf 80' lang='lat' dir='ltr'><strong>refert,</strong></span> 
     </span>
     <span class='ocr_line' id='line_1_11' title="bbox 67 1338 1066 1410; baseline 0 -15"><span class='ocrx_word' id='word_1_77' title='bbox 67 1339 171 1410; x_wconf 88' lang='lat' dir='ltr'><strong>aliquid</strong></span> <span class='ocrx_word' id='word_1_78' title='bbox 192 1341 277 1396; x_wconf 92' lang='lat' dir='ltr'><strong>simile</strong></span> <span class='ocrx_word' id='word_1_79' title='bbox 296 1357 313 1394; x_wconf 90' lang='lat' dir='ltr'><strong>a</strong></span> <span class='ocrx_word' id='word_1_80' title='bbox 350 1338 447 1394; x_wconf 89' lang='lat' dir='ltr'><strong>nodam</strong></span> <span class='ocrx_word' id='word_1_81' title='bbox 465 1340 636 1408; x_wconf 87' lang='lat' dir='ltr'><strong>popularium</strong></span> <span class='ocrx_word' id='word_1_82' title='bbox 655 1356 763 1395; x_wconf 89' lang='lat' dir='ltr'><strong>suorum</strong></span> <span class='ocrx_word' id='word_1_83' title='bbox 781 1346 990 1396; x_wconf 87' lang='lat' dir='ltr'><strong>commentatum</strong></span> <span class='ocrx_word' id='word_1_84' title='bbox 1008 1357 1066 1396; x_wconf 89' lang='lat' dir='ltr'><strong>esse</strong></span> 
     </span>
     <span class='ocr_line' id='line_1_12' title="bbox 68 1407 1167 1478; baseline 0.003 -16"><span class='ocrx_word' id='word_1_85' title='bbox 68 1415 98 1462; x_wconf 90' lang='lat' dir='ltr'><strong>et</strong></span> <span class='ocrx_word' id='word_1_86' title='bbox 115 1409 257 1477; x_wconf 85' lang='lat' dir='ltr'><strong>aliquando</strong></span> <span class='ocrx_word' id='word_1_87' title='bbox 275 1424 325 1477; x_wconf 92' lang='lat' dir='ltr'><strong>pro</strong></span> <span class='ocrx_word' id='word_1_88' title='bbox 346 1408 452 1462; x_wconf 85' lang='lat' dir='ltr'><strong>&#39;turum</strong></span> <span class='ocrx_word' id='word_1_89' title='bbox 488 1407 582 1462; x_wconf 87' lang='lat' dir='ltr'><strong>Paullo</strong></span> <span class='ocrx_word' id='word_1_90' title='bbox 600 1415 663 1476; x_wconf 92' lang='lat' dir='ltr'><strong>post</strong></span> <span class='ocrx_word' id='word_1_91' title='bbox 680 1409 783 1477; x_wconf 88' lang='lat' dir='ltr'><strong>accipio</strong></span> <span class='ocrx_word' id='word_1_92' title='bbox 802 1410 967 1478; x_wconf 91' lang='lat' dir='ltr'><strong>opusculum,</strong></span> <span class='ocrx_word' id='word_1_93' title='bbox 995 1410 1067 1478; x_wconf 93' lang='lat' dir='ltr'><strong>quod</strong></span> <span class='ocrx_word' id='word_1_94' title='bbox 1165 1460 1167 1465; x_wconf 87' lang='lat'><em>.</em></span> 
     </span>
     <span class='ocr_line' id='line_1_13' title="bbox 66 1476 1066 1546; baseline 0.001 -17"><span class='ocrx_word' id='word_1_95' title='bbox 66 1477 114 1531; x_wconf 88' lang='lat' dir='ltr'><strong>ille</strong></span> <span class='ocrx_word' id='word_1_96' title='bbox 123 1477 283 1544; x_wconf 87' lang='lat' dir='ltr'><strong>minabatur,</strong></span> <span class='ocrx_word' id='word_1_97' title='bbox 300 1476 423 1544; x_wconf 77' lang='lat' dir='ltr'><strong>hominia,</strong></span> <span class='ocrx_word' id='word_1_98' title='bbox 440 1477 587 1530; x_wconf 90' lang='lat' dir='ltr'><strong>Homerum</strong></span> <span class='ocrx_word' id='word_1_99' title='bbox 596 1476 720 1544; x_wconf 87' lang='lat' dir='ltr'><strong>negantis</strong></span> <span class='ocrx_word' id='word_1_100' title='bbox 731 1493 850 1545; x_wconf 87' lang='lat' dir='ltr'><strong>unquam</strong></span> <span class='ocrx_word' id='word_1_101' title='bbox 862 1476 952 1546; x_wconf 82' lang='lat' dir='ltr'><strong>fuisse,</strong></span> <span class='ocrx_word' id='word_1_102' title='bbox 965 1483 1066 1531; x_wconf 92' lang='lat' dir='ltr'><strong>utrum·</strong></span> 
     </span>
     <span class='ocr_line' id='line_1_14' title="bbox 71 1542 1066 1613; baseline -0.001 -15"><span class='ocrx_word' id='word_1_103' title='bbox 71 1560 124 1613; x_wconf 91' lang='lat' dir='ltr'><strong>que</strong></span> <span class='ocrx_word' id='word_1_104' title='bbox 153 1550 244 1598; x_wconf 87' lang='lat' dir='ltr'><strong>autem</strong></span> <span class='ocrx_word' id='word_1_105' title='bbox 269 1545 405 1608; x_wconf 82' lang='grc' dir='ltr'><strong>σωμάτιον</strong></span> <span class='ocrx_word' id='word_1_106' title='bbox 430 1542 574 1598; x_wconf 88' lang='lat' dir='ltr'><strong>conflatum</strong></span> <span class='ocrx_word' id='word_1_107' title='bbox 598 1559 655 1598; x_wconf 89' lang='lat' dir='ltr'><strong>esse</strong></span> <span class='ocrx_word' id='word_1_108' title='bbox 680 1543 800 1599; x_wconf 87' lang='lat' dir='ltr'><strong>docentis</strong></span> <span class='ocrx_word' id='word_1_109' title='bbox 824 1560 858 1598; x_wconf 85' lang='lat' dir='ltr'><strong>ax</strong></span> <span class='ocrx_word' id='word_1_110' title='bbox 881 1547 1019 1613; x_wconf 73' lang='lat' dir='ltr'><strong>trapoedia&#39;c</strong></span> <span class='ocrx_word' id='word_1_111' title='bbox 1043 1555 1066 1597; x_wconf 82' lang='lat' dir='ltr'><strong>et</strong></span> 
     </span>
     <span class='ocr_line' id='line_1_15' title="bbox 68 1613 1064 1674; baseline 0.001 -10"><span class='ocrx_word' id='word_1_112' title='bbox 68 1614 150 1664; x_wconf 78' lang='lat' dir='ltr'><strong>uariis</strong></span> <span class='ocrx_word' id='word_1_113' title='bbox 167 1614 272 1666; x_wconf 75' lang='lat' dir='ltr'><strong>conticis</strong></span> <span class='ocrx_word' id='word_1_114' title='bbox 290 1614 321 1665; x_wconf 82' lang='lat' dir='ltr'><strong>de</strong></span> <span class='ocrx_word' id='word_1_115' title='bbox 332 1614 416 1674; x_wconf 80' lang='lat' dir='ltr'><strong>trivio,</strong></span> <span class='ocrx_word' id='word_1_116' title='bbox 434 1613 605 1664; x_wconf 76' lang='lat' dir='ltr'><strong>mendicorum</strong></span> <span class='ocrx_word' id='word_1_117' title='bbox 623 1622 646 1664; x_wconf 82' lang='lat' dir='ltr'><strong>et</strong></span> <span class='ocrx_word' id='word_1_118' title='bbox 663 1614 853 1673; x_wconf 79' lang='lat' dir='ltr'><strong>circulatorem,</strong></span> <span class='ocrx_word' id='word_1_119' title='bbox 872 1613 889 1664; x_wconf 79' lang='grc' dir='ltr'>ὰ</span> <span class='ocrx_word' id='word_1_120' title='bbox 906 1615 934 1664; x_wconf 85' lang='lat' dir='ltr'><strong>la</strong></span> <span class='ocrx_word' id='word_1_121' title='bbox 950 1614 1064 1665; x_wconf 74' lang='lat' dir='ltr'><strong>maoidre</strong></span> 
     </span>
     <span class='ocr_line' id='line_1_16' title="bbox 62 1679 1066 1746; baseline 0 -14"><span class='ocrx_word' id='word_1_122' title='bbox 62 1682 111 1732; x_wconf 75' lang='lat' dir='ltr'><strong>dea</strong></span> <span class='ocrx_word' id='word_1_123' title='bbox 133 1681 256 1732; x_wconf 76' lang='lat' dir='ltr'><strong>chunsena</strong></span> <span class='ocrx_word' id='word_1_124' title='bbox 282 1683 320 1732; x_wconf 82' lang='lat' dir='ltr'><strong>dac</strong></span> <span class='ocrx_word' id='word_1_125' title='bbox 344 1681 488 1746; x_wconf 76' lang='lat' dir='ltr'><strong>Pontoeaj‚·</strong></span> <span class='ocrx_word' id='word_1_126' title='bbox 527 1686 619 1733; x_wconf 83' lang='lat' dir='ltr'><strong>cetera</strong></span> <span class='ocrx_word' id='word_1_127' title='bbox 646 1679 675 1732; x_wconf 89' lang='lat' dir='ltr'><strong>in</strong></span> <span class='ocrx_word' id='word_1_128' title='bbox 697 1679 810 1734; x_wconf 85' lang='lat' dir='ltr'><strong>eundem</strong></span> <span class='ocrx_word' id='word_1_129' title='bbox 834 1679 955 1734; x_wconf 85' lang='lat' dir='ltr'><strong>modum:</strong></span> <span class='ocrx_word' id='word_1_130' title='bbox 986 1685 1014 1732; x_wconf 85' lang='lat' dir='ltr'><strong>et</strong></span> <span class='ocrx_word' id='word_1_131' title='bbox 1037 1679 1066 1732; x_wconf 88' lang='lat' dir='ltr'><strong>in</strong></span> 
     </span>
     <span class='ocr_line' id='line_1_17' title="bbox 63 1746 1065 1815; baseline 0 -13"><span class='ocrx_word' id='word_1_132' title='bbox 63 1747 204 1802; x_wconf 88' lang='lat' dir='ltr'><strong>Prooemio</strong></span> <span class='ocrx_word' id='word_1_133' title='bbox 222 1747 328 1802; x_wconf 89' lang='lat' dir='ltr'><strong>omnino</strong></span> <span class='ocrx_word' id='word_1_134' title='bbox 347 1747 414 1800; x_wconf 91' lang='lat' dir='ltr'><strong>nihil</strong></span> <span class='ocrx_word' id='word_1_135' title='bbox 431 1763 459 1801; x_wconf 90' lang='lat' dir='ltr'><strong>se</strong></span> <span class='ocrx_word' id='word_1_136' title='bbox 478 1763 513 1800; x_wconf 88' lang='lat' dir='ltr'><strong>ex</strong></span> <span class='ocrx_word' id='word_1_137' title='bbox 530 1747 641 1802; x_wconf 84' lang='lat' dir='ltr'><strong>Graecis</strong></span> <span class='ocrx_word' id='word_1_138' title='bbox 653 1748 750 1801; x_wconf 90' lang='lat' dir='ltr'><strong>litteris</strong></span> <span class='ocrx_word' id='word_1_139' title='bbox 762 1747 986 1815; x_wconf 84' lang='lat' dir='ltr'><strong>operaepretium</strong></span> <span class='ocrx_word' id='word_1_140' title='bbox 999 1746 1065 1802; x_wconf 91' lang='lat' dir='ltr'><strong>didi·</strong></span> 
     </span>
     <span class='ocr_line' id='line_1_18' title="bbox 63 1814 1065 1884; baseline 0.001 -15"><span class='ocrx_word' id='word_1_141' title='bbox 63 1816 134 1870; x_wconf 87' lang='lat' dir='ltr'><strong>cisse</strong></span> <span class='ocrx_word' id='word_1_142' title='bbox 151 1815 298 1875; x_wconf 88' lang='lat' dir='ltr'><strong>confirmat.</strong></span> <span class='ocrx_word' id='word_1_143' title='bbox 333 1814 411 1881; x_wconf 77' lang='lat' dir='ltr'><strong>Quod</strong></span> <span class='ocrx_word' id='word_1_144' title='bbox 427 1832 510 1870; x_wconf 92' lang='lat' dir='ltr'><strong>unum</strong></span> <span class='ocrx_word' id='word_1_145' title='bbox 528 1823 570 1870; x_wconf 89' lang='lat' dir='ltr'><strong>est</strong></span> <span class='ocrx_word' id='word_1_146' title='bbox 587 1831 622 1870; x_wconf 88' lang='lat' dir='ltr'><strong>ex</strong></span> <span class='ocrx_word' id='word_1_147' title='bbox 632 1815 734 1884; x_wconf 92' lang='lat' dir='ltr'><strong>paucis,</strong></span> <span class='ocrx_word' id='word_1_148' title='bbox 753 1815 781 1868; x_wconf 91' lang='lat' dir='ltr'><strong>in</strong></span> <span class='ocrx_word' id='word_1_149' title='bbox 811 1815 890 1870; x_wconf 89' lang='lat' dir='ltr'><strong>uibus</strong></span> <span class='ocrx_word' id='word_1_150' title='bbox 902 1815 1008 1869; x_wconf 83' lang='lat' dir='ltr'><strong>iacilea</strong></span> <span class='ocrx_word' id='word_1_151' title='bbox 1028 1816 1065 1870; x_wconf 94' lang='lat' dir='ltr'><strong>ud</strong></span> 
     </span>
     <span class='ocr_line' id='line_1_19' title="bbox 64 1832 1064 1951; baseline 0.001 -14"><span class='ocrx_word' id='word_1_152' title='bbox 64 1899 158 1938; x_wconf 90' lang='lat' dir='ltr'><strong>omues</strong></span> <span class='ocrx_word' id='word_1_153' title='bbox 175 1882 255 1938; x_wconf 89' lang='lat' dir='ltr'><strong>fidem</strong></span> <span class='ocrx_word' id='word_1_154' title='bbox 273 1884 404 1937; x_wconf 90' lang='lat' dir='ltr'><strong>inveniat:</strong></span> <span class='ocrx_word' id='word_1_155' title='bbox 422 1883 528 1951; x_wconf 88' lang='lat' dir='ltr'><strong>reliqua</strong></span> <span class='ocrx_word' id='word_1_156' title='bbox 545 1885 647 1938; x_wconf 90' lang='lat' dir='ltr'><strong>somnia</strong></span> <span class='ocrx_word' id='word_1_157' title='bbox 665 1890 727 1937; x_wconf 91' lang='lat' dir='ltr'><strong>suut</strong></span> <span class='ocrx_word' id='word_1_158' title='bbox 746 1890 774 1936; x_wconf 89' lang='lat' dir='ltr'><strong>et</strong></span> <span class='ocrx_word' id='word_1_159' title='bbox 791 1832 974 1938; x_wconf 48' lang='lat' dir='ltr'><strong>deliramenta.</strong></span> <span class='ocrx_word' id='word_1_160' title='bbox 1037 1899 1064 1938; x_wconf 87' lang='lat' dir='ltr'><strong>a·</strong></span> 
     </span>
     <span class='ocr_line' id='line_1_20' title="bbox 61 1950 1064 2020; baseline 0.002 -16"><span class='ocrx_word' id='word_1_161' title='bbox 61 1951 142 2005; x_wconf 87' lang='lat' dir='ltr'><strong>minis</strong></span> <span class='ocrx_word' id='word_1_162' title='bbox 160 1952 278 2019; x_wconf 90' lang='lat' dir='ltr'><strong>alioquin</strong></span> <span class='ocrx_word' id='word_1_163' title='bbox 295 1967 348 2004; x_wconf 93' lang='lat' dir='ltr'><strong>non</strong></span> <span class='ocrx_word' id='word_1_164' title='bbox 366 1951 574 2019; x_wconf 84' lang='lat' dir='ltr'><strong>obscuriusque</strong></span> <span class='ocrx_word' id='word_1_165' title='bbox 593 1951 695 2019; x_wconf 91' lang='lat' dir='ltr'><strong>insulsi,</strong></span> <span class='ocrx_word' id='word_1_166' title='bbox 713 1950 825 2020; x_wconf 88' lang='lat' dir='ltr'><strong>aliisque</strong></span> <span class='ocrx_word' id='word_1_167' title='bbox 844 1951 919 2004; x_wconf 87' lang='lat' dir='ltr'><strong>libris</strong></span> <span class='ocrx_word' id='word_1_168' title='bbox 937 1952 1018 2004; x_wconf 92' lang='lat' dir='ltr'><strong>etiam</strong></span> <span class='ocrx_word' id='word_1_169' title='bbox 1036 1952 1064 2006; x_wconf 92' lang='lat' dir='ltr'><strong>in</strong></span> 
     </span>
     <span class='ocr_line' id='line_1_21' title="bbox 63 2018 1063 2088; baseline -0.002 -15"><span class='ocrx_word' id='word_1_170' title='bbox 63 2018 208 2074; x_wconf 81' lang='lat' dir='ltr'><strong>Germania</strong></span> <span class='ocrx_word' id='word_1_171' title='bbox 226 2019 292 2087; x_wconf 85' lang='lat' dir='ltr'><strong>noti,</strong></span> <span class='ocrx_word' id='word_1_172' title='bbox 311 2019 372 2086; x_wconf 79' lang='lat' dir='ltr'><strong>(Fr.</strong></span> <span class='ocrx_word' id='word_1_173' title='bbox 384 2020 495 2071; x_wconf 77' lang='lat' dir='ltr'><strong>Hedalia</strong></span> <span class='ocrx_word' id='word_1_174' title='bbox 514 2021 587 2071; x_wconf 70' lang='lat' dir='ltr'><strong>Abte</strong></span> <span class='ocrx_word' id='word_1_175' title='bbox 601 2019 772 2086; x_wconf 51' lang='lat' dir='ltr'><strong>dilectisime)</strong></span> <span class='ocrx_word' id='word_1_176' title='bbox 793 2021 836 2088; x_wconf 86' lang='lat' dir='ltr'><strong>[de</strong></span> <span class='ocrx_word' id='word_1_177' title='bbox 848 2037 929 2085; x_wconf 83' lang='lat' dir='ltr'><strong>quoe.</strong></span> <span class='ocrx_word' id='word_1_178' title='bbox 945 2020 1063 2086; x_wconf 76' lang='lat' dir='ltr'><strong>Obauffe·</strong></span> 
     </span>
     <span class='ocr_line' id='line_1_22' title="bbox 59 2086 1064 2167; baseline -0.001 -29"><span class='ocrx_word' id='word_1_179' title='bbox 59 2089 120 2167; x_wconf 67' lang='lat' dir='ltr'><strong>pie]</strong></span> <span class='ocrx_word' id='word_1_180' title='bbox 141 2086 246 2140; x_wconf 81' lang='lat' dir='ltr'><strong>libellus</strong></span> <span class='ocrx_word' id='word_1_181' title='bbox 264 2087 303 2140; x_wconf 85' lang='lat' dir='ltr'><strong>ita</strong></span> <span class='ocrx_word' id='word_1_182' title='bbox 320 2086 478 2153; x_wconf 81' lang='lat' dir='ltr'><strong>inscriptus:</strong></span> <span class='ocrx_word' id='word_1_183' title='bbox 503 2087 665 2153; x_wconf 80' lang='lat' dir='ltr'><strong>Ooajeoturea</strong></span> <span class='ocrx_word' id='word_1_184' title='bbox 683 2087 862 2152; x_wconf 71' lang='lat' dir='ltr'><strong>academiqaea</strong></span> <span class='ocrx_word' id='word_1_185' title='bbox 879 2104 912 2136; x_wconf 85' lang='lat' dir='ltr'><strong>ou</strong></span> <span class='ocrx_word' id='word_1_186' title='bbox 929 2086 1000 2139; x_wconf 80' lang='lat' dir='ltr'><strong>Dias.</strong></span> <span class='ocrx_word' id='word_1_187' title='bbox 1017 2105 1064 2137; x_wconf 80' lang='lat' dir='ltr'><strong>aar</strong></span> 
     </span>
     <span class='ocr_line' id='line_1_23' title="bbox 61 2151 1063 2222; baseline -0.002 -15"><span class='ocrx_word' id='word_1_188' title='bbox 61 2155 181 2217; x_wconf 80' lang='lat' dir='ltr'><strong>l&#39;llaode,</strong></span> <span class='ocrx_word' id='word_1_189' title='bbox 204 2171 286 2222; x_wconf 90' lang='lat' dir='ltr'><strong>quum</strong></span> <span class='ocrx_word' id='word_1_190' title='bbox 309 2154 356 2208; x_wconf 92' lang='lat' dir='ltr'><strong>diu</strong></span> <span class='ocrx_word' id='word_1_191' title='bbox 378 2153 502 2207; x_wconf 92' lang='lat' dir='ltr'><strong>latuisset</strong></span> <span class='ocrx_word' id='word_1_192' title='bbox 525 2154 598 2221; x_wconf 90' lang='lat' dir='ltr'><strong>apud</strong></span> <span class='ocrx_word' id='word_1_193' title='bbox 617 2153 838 2220; x_wconf 83' lang='lat' dir='ltr'><strong>Oharpenterium</strong></span> <span class='ocrx_word' id='word_1_194' title='bbox 858 2158 885 2204; x_wconf 89' lang='lat' dir='ltr'><strong>et</strong></span> <span class='ocrx_word' id='word_1_195' title='bbox 904 2151 984 2220; x_wconf 91' lang='lat' dir='ltr'><strong>alios,</strong></span> <span class='ocrx_word' id='word_1_196' title='bbox 1009 2154 1063 2222; x_wconf 87' lang='lat' dir='ltr'><strong>qui,</strong></span> 
     </span>
     <span class='ocr_line' id='line_1_24' title="bbox 60 2219 1062 2288; baseline -0.001 -14"><span class='ocrx_word' id='word_1_197' title='bbox 60 2221 195 2276; x_wconf 89' lang='lat' dir='ltr'><strong>incertum</strong></span> <span class='ocrx_word' id='word_1_198' title='bbox 213 2222 291 2276; x_wconf 87' lang='lat' dir='ltr'><strong>amici</strong></span> <span class='ocrx_word' id='word_1_199' title='bbox 303 2238 337 2275; x_wconf 90' lang='lat' dir='ltr'><strong>an</strong></span> <span class='ocrx_word' id='word_1_200' title='bbox 348 2228 469 2275; x_wconf 90' lang='lat' dir='ltr'><strong>veterum</strong></span> <span class='ocrx_word' id='word_1_201' title='bbox 481 2236 581 2284; x_wconf 88' lang='lat' dir='ltr'><strong>amore,</strong></span> <span class='ocrx_word' id='word_1_202' title='bbox 592 2220 663 2273; x_wconf 88' lang='lat' dir='ltr'><strong>illius</strong></span> <span class='ocrx_word' id='word_1_203' title='bbox 676 2219 786 2274; x_wconf 92' lang='lat' dir='ltr'><strong>editioni</strong></span> <span class='ocrx_word' id='word_1_204' title='bbox 797 2234 898 2274; x_wconf 90' lang='lat' dir='ltr'><strong>moram</strong></span> <span class='ocrx_word' id='word_1_205' title='bbox 911 2220 1062 2288; x_wconf 88' lang='lat' dir='ltr'><strong>nectebant,</strong></span> 
     </span>
     <span class='ocr_line' id='line_1_25' title="bbox 61 2287 1063 2357; baseline -0.001 -15"><span class='ocrx_word' id='word_1_206' title='bbox 61 2288 173 2343; x_wconf 70' lang='lat' dir='ltr'><strong>mndem</strong></span> <span class='ocrx_word' id='word_1_207' title='bbox 189 2298 294 2344; x_wconf 90' lang='lat' dir='ltr'><strong>mortuo</strong></span> <span class='ocrx_word' id='word_1_208' title='bbox 307 2289 439 2344; x_wconf 90' lang='lat' dir='ltr'><strong>Hedalino</strong></span> <span class='ocrx_word' id='word_1_209' title='bbox 456 2289 557 2357; x_wconf 88' lang='lat' dir='ltr'><strong>prodiit</strong></span> <span class='ocrx_word' id='word_1_210' title='bbox 568 2289 628 2342; x_wconf 83' lang='lat' dir='ltr'><strong>Par.</strong></span> <span class='ocrx_word' id='word_1_211' title='bbox 649 2289 722 2343; x_wconf 82' lang='lat'>1715.</span> <span class='ocrx_word' id='word_1_212' title='bbox 740 2292 764 2341; x_wconf 88' lang='grc'><strong>8.</strong></span> <span class='ocrx_word' id='word_1_213' title='bbox 791 2289 818 2342; x_wconf 91' lang='lat' dir='ltr'><strong>Is</strong></span> <span class='ocrx_word' id='word_1_214' title='bbox 836 2288 979 2355; x_wconf 86' lang='lat' dir='ltr'><strong>aliquoties</strong></span> <span class='ocrx_word' id='word_1_215' title='bbox 996 2287 1063 2341; x_wconf 91' lang='lat' dir='ltr'><strong>mihi</strong></span> 
     </span>
     <span class='ocr_line' id='line_1_26' title="bbox 61 2355 1061 2477; baseline -0.001 -68"><span class='ocrx_word' id='word_1_216' title='bbox 61 2357 206 2477; x_wconf 64' lang='lat' dir='ltr'><strong>flarlectm,</strong></span> <span class='ocrx_word' id='word_1_217' title='bbox 224 2365 255 2411; x_wconf 89' lang='lat' dir='ltr'><strong>ut</strong></span> <span class='ocrx_word' id='word_1_218' title='bbox 272 2357 335 2424; x_wconf 82' lang='lat' dir='ltr'><strong>dixi,</strong></span> <span class='ocrx_word' id='word_1_219' title='bbox 354 2357 472 2411; x_wconf 90' lang='lat' dir='ltr'><strong>taedium</strong></span> <span class='ocrx_word' id='word_1_220' title='bbox 490 2356 582 2410; x_wconf 89' lang='lat' dir='ltr'><strong>attulit</strong></span> <span class='ocrx_word' id='word_1_221' title='bbox 599 2355 732 2423; x_wconf 89' lang='lat' dir='ltr'><strong>opinionis</strong></span> <span class='ocrx_word' id='word_1_222' title='bbox 749 2371 834 2424; x_wconf 90' lang='lat' dir='ltr'><strong>meae,</strong></span> <span class='ocrx_word' id='word_1_223' title='bbox 852 2355 880 2408; x_wconf 91' lang='lat' dir='ltr'><strong>in</strong></span> <span class='ocrx_word' id='word_1_224' title='bbox 898 2355 973 2410; x_wconf 91' lang='lat' dir='ltr'><strong>cuius</strong></span> <span class='ocrx_word' id='word_1_225' title='bbox 991 2356 1061 2409; x_wconf 90' lang='lat' dir='ltr'><strong>simi-</strong></span> 
     </span>
     <span class='ocr_line' id='line_1_27' title="bbox 74 2423 1061 2494; baseline 0.001 -17"><span class='ocrx_word' id='word_1_226' title='bbox 74 2424 203 2479; x_wconf 89' lang='lat' dir='ltr'><strong>&#39;tudinem</strong></span> <span class='ocrx_word' id='word_1_227' title='bbox 221 2426 355 2494; x_wconf 88' lang='lat' dir='ltr'><strong>quandam</strong></span> <span class='ocrx_word' id='word_1_228' title='bbox 373 2425 506 2478; x_wconf 89' lang='lat' dir='ltr'><strong>levissima</strong></span> <span class='ocrx_word' id='word_1_229' title='bbox 523 2425 661 2479; x_wconf 88' lang='lat' dir='ltr'><strong>temeritas</strong></span> <span class='ocrx_word' id='word_1_230' title='bbox 679 2429 706 2477; x_wconf 94' lang='lat' dir='ltr'><strong>et</strong></span> <span class='ocrx_word' id='word_1_231' title='bbox 723 2423 829 2478; x_wconf 90' lang='lat' dir='ltr'><strong>inscitia</strong></span> <span class='ocrx_word' id='word_1_232' title='bbox 841 2423 1008 2492; x_wconf 91' lang='lat' dir='ltr'><strong>antiquitatis</strong></span> <span class='ocrx_word' id='word_1_233' title='bbox 1018 2424 1061 2478; x_wconf 89' lang='lat' dir='ltr'><strong>de-</strong></span> 
     </span>
     <span class='ocr_line' id='line_1_28' title="bbox 60 2492 1061 2562; baseline 0 -16"><span class='ocrx_word' id='word_1_234' title='bbox 60 2492 138 2560; x_wconf 87' lang='lat' dir='ltr'><strong>lapsa</strong></span> <span class='ocrx_word' id='word_1_235' title='bbox 151 2500 236 2561; x_wconf 89' lang='lat' dir='ltr'><strong>esset;</strong></span> <span class='ocrx_word' id='word_1_236' title='bbox 247 2493 370 2562; x_wconf 89' lang='lat' dir='ltr'><strong>serioque</strong></span> <span class='ocrx_word' id='word_1_237' title='bbox 384 2493 461 2560; x_wconf 90' lang='lat' dir='ltr'><strong>coepi</strong></span> <span class='ocrx_word' id='word_1_238' title='bbox 472 2493 576 2560; x_wconf 83' lang='lat' dir='ltr'><strong>vulgari</strong></span> <span class='ocrx_word' id='word_1_239' title='bbox 606 2492 709 2545; x_wconf 88' lang='lat' dir='ltr'><strong>uamvis</strong></span> <span class='ocrx_word' id='word_1_240' title='bbox 720 2493 789 2546; x_wconf 90' lang='lat' dir='ltr'><strong>male</strong></span> <span class='ocrx_word' id='word_1_241' title='bbox 800 2493 955 2546; x_wconf 89' lang='lat' dir='ltr'><strong>cohaerenti</strong></span> <span class='ocrx_word' id='word_1_242' title='bbox 963 2492 1061 2546; x_wconf 90' lang='lat' dir='ltr'><strong>rationi</strong></span> 
     </span>
     <span class='ocr_line' id='line_1_29' title="bbox 58 2559 1060 2629; baseline 0 -15"><span class='ocrx_word' id='word_1_243' title='bbox 58 2567 219 2628; x_wconf 77' lang='lat' dir='ltr'><strong>argumenta</strong></span> <span class='ocrx_word' id='word_1_244' title='bbox 247 2561 411 2629; x_wconf 88' lang='lat' dir='ltr'><strong>conquirere.</strong></span> <span class='ocrx_word' id='word_1_245' title='bbox 447 2559 516 2613; x_wconf 87' lang='lat' dir='ltr'><strong>Nam</strong></span> <span class='ocrx_word' id='word_1_246' title='bbox 545 2577 579 2615; x_wconf 93' lang='lat' dir='ltr'><strong>ne</strong></span> <span class='ocrx_word' id='word_1_247' title='bbox 625 2559 730 2614; x_wconf 85' lang='lat' dir='ltr'><strong>adelino</strong></span> <span class='ocrx_word' id='word_1_248' title='bbox 760 2560 867 2629; x_wconf 91' lang='lat' dir='ltr'><strong>quidem</strong></span> <span class='ocrx_word' id='word_1_249' title='bbox 891 2575 908 2613; x_wconf 90' lang='lat' dir='ltr'><strong>a</strong></span> <span class='ocrx_word' id='word_1_250' title='bbox 931 2560 1060 2628; x_wconf 91' lang='lat' dir='ltr'><strong>Boilavio,</strong></span> 
     </span>
     <span class='ocr_line' id='line_1_30' title="bbox 58 2627 1060 2695; baseline 0 -14"><span class='ocrx_word' id='word_1_251' title='bbox 58 2627 175 2682; x_wconf 87' lang='lat' dir='ltr'><strong>Dacerio</strong></span> <span class='ocrx_word' id='word_1_252' title='bbox 193 2634 221 2682; x_wconf 89' lang='lat' dir='ltr'><strong>ct</strong></span> <span class='ocrx_word' id='word_1_253' title='bbox 238 2628 298 2682; x_wconf 89' lang='lat' dir='ltr'><strong>aliis</strong></span> <span class='ocrx_word' id='word_1_254' title='bbox 315 2629 382 2682; x_wconf 90' lang='lat' dir='ltr'><strong>bene</strong></span> <span class='ocrx_word' id='word_1_255' title='bbox 400 2643 557 2695; x_wconf 87' lang='lat' dir='ltr'><strong>responsum</strong></span> <span class='ocrx_word' id='word_1_256' title='bbox 574 2628 706 2682; x_wconf 90' lang='lat' dir='ltr'><strong>videbam.</strong></span> <span class='ocrx_word' id='word_1_257' title='bbox 740 2629 783 2681; x_wconf 90' lang='lat' dir='ltr'><strong>Ita</strong></span> <span class='ocrx_word' id='word_1_258' title='bbox 800 2629 874 2681; x_wconf 90' lang='lat' dir='ltr'><strong>varie</strong></span> <span class='ocrx_word' id='word_1_259' title='bbox 892 2629 1008 2695; x_wconf 92' lang='lat' dir='ltr'><strong>annisus,</strong></span> <span class='ocrx_word' id='word_1_260' title='bbox 1029 2634 1060 2681; x_wconf 92' lang='lat' dir='ltr'><strong>ut</strong></span> 
     </span>
     <span class='ocr_line' id='line_1_31' title="bbox 56 2695 1059 2765; baseline 0.001 -17"><span class='ocrx_word' id='word_1_261' title='bbox 56 2695 193 2750; x_wconf 86' lang='lat' dir='ltr'><strong>historicis</strong></span> <span class='ocrx_word' id='word_1_262' title='bbox 210 2695 411 2750; x_wconf 87' lang='lat' dir='ltr'><strong>difficultatibus</strong></span> <span class='ocrx_word' id='word_1_263' title='bbox 429 2697 482 2750; x_wconf 91' lang='lat' dir='ltr'><strong>alia</strong></span> <span class='ocrx_word' id='word_1_264' title='bbox 493 2703 574 2765; x_wconf 90' lang='lat' dir='ltr'><strong>atque</strong></span> <span class='ocrx_word' id='word_1_265' title='bbox 584 2696 637 2748; x_wconf 90' lang='lat' dir='ltr'><strong>alia</strong></span> <span class='ocrx_word' id='word_1_266' title='bbox 648 2695 693 2748; x_wconf 91' lang='lat' dir='ltr'><strong>via</strong></span> <span class='ocrx_word' id='word_1_267' title='bbox 703 2711 879 2763; x_wconf 88' lang='lat' dir='ltr'><strong>occurrerem,</strong></span> <span class='ocrx_word' id='word_1_268' title='bbox 896 2711 959 2749; x_wconf 89' lang='lat' dir='ltr'><strong>mox</strong></span> <span class='ocrx_word' id='word_1_269' title='bbox 971 2695 1059 2749; x_wconf 91' lang='lat' dir='ltr'><strong>denuo</strong></span> 
     </span>
     <span class='ocr_line' id='line_1_32' title="bbox 59 2763 1059 2844; baseline -0.001 -28"><span class='ocrx_word' id='word_1_270' title='bbox 59 2768 175 2818; x_wconf 83' lang='lat' dir='ltr'><strong>vexatus</strong></span> <span class='ocrx_word' id='word_1_271' title='bbox 192 2764 253 2844; x_wconf 81' lang='lat' dir='ltr'><strong>illis,</strong></span> <span class='ocrx_word' id='word_1_272' title='bbox 271 2764 411 2831; x_wconf 88' lang='lat' dir='ltr'><strong>denuoque</strong></span> <span class='ocrx_word' id='word_1_273' title='bbox 430 2770 538 2817; x_wconf 90' lang='lat' dir='ltr'><strong>coactus</strong></span> <span class='ocrx_word' id='word_1_274' title='bbox 557 2763 661 2830; x_wconf 88' lang='lat' dir='ltr'><strong>cedere,</strong></span> <span class='ocrx_word' id='word_1_275' title='bbox 680 2764 802 2817; x_wconf 90' lang='lat' dir='ltr'><strong>conscius</strong></span> <span class='ocrx_word' id='word_1_276' title='bbox 819 2763 885 2816; x_wconf 91' lang='lat' dir='ltr'><strong>mihi</strong></span> <span class='ocrx_word' id='word_1_277' title='bbox 902 2778 968 2829; x_wconf 93' lang='lat' dir='ltr'><strong>sum,</strong></span> <span class='ocrx_word' id='word_1_278' title='bbox 993 2763 1059 2815; x_wconf 92' lang='lat' dir='ltr'><strong>nihil</strong></span> 
     </span>
     <span class='ocr_line' id='line_1_33' title="bbox 59 2829 1059 2899; baseline -0.003 -14"><span class='ocrx_word' id='word_1_279' title='bbox 59 2847 105 2885; x_wconf 90' lang='lat' dir='ltr'><strong>me</strong></span> <span class='ocrx_word' id='word_1_280' title='bbox 122 2847 173 2885; x_wconf 91' lang='lat' dir='ltr'><strong>nec</strong></span> <span class='ocrx_word' id='word_1_281' title='bbox 190 2832 304 2885; x_wconf 88' lang='lat' dir='ltr'><strong>vamtati</strong></span> <span class='ocrx_word' id='word_1_282' title='bbox 320 2831 475 2899; x_wconf 91' lang='lat' dir='ltr'><strong>cupiditatis</strong></span> <span class='ocrx_word' id='word_1_283' title='bbox 491 2847 542 2885; x_wconf 94' lang='lat' dir='ltr'><strong>nec</strong></span> <span class='ocrx_word' id='word_1_284' title='bbox 560 2831 708 2884; x_wconf 89' lang='lat' dir='ltr'><strong>sententiae</strong></span> <span class='ocrx_word' id='word_1_285' title='bbox 726 2831 840 2883; x_wconf 84' lang='lat' dir='ltr'><strong>novitati</strong></span> <span class='ocrx_word' id='word_1_286' title='bbox 857 2829 1006 2896; x_wconf 90' lang='lat' dir='ltr'><strong>indulsisse,</strong></span> <span class='ocrx_word' id='word_1_287' title='bbox 1031 2835 1059 2882; x_wconf 90' lang='lat' dir='ltr'><strong>ct</strong></span> 
     </span>
     <span class='ocr_line' id='line_1_34' title="bbox 59 2896 1057 2966; baseline -0.003 -13"><span class='ocrx_word' id='word_1_288' title='bbox 59 2913 153 2953; x_wconf 91' lang='lat' dir='ltr'><strong>omnes</strong></span> <span class='ocrx_word' id='word_1_289' title='bbox 170 2899 315 2953; x_wconf 88' lang='lat' dir='ltr'><strong>intendisse</strong></span> <span class='ocrx_word' id='word_1_290' title='bbox 333 2914 436 2966; x_wconf 89' lang='lat' dir='ltr'><strong>nervos,</strong></span> <span class='ocrx_word' id='word_1_291' title='bbox 455 2904 486 2951; x_wconf 90' lang='lat' dir='ltr'><strong>ut</strong></span> <span class='ocrx_word' id='word_1_292' title='bbox 503 2899 537 2952; x_wconf 91' lang='lat' dir='ltr'><strong>ab</strong></span> <span class='ocrx_word' id='word_1_293' title='bbox 556 2898 653 2952; x_wconf 89' lang='lat' dir='ltr'><strong>erroris</strong></span> <span class='ocrx_word' id='word_1_294' title='bbox 671 2897 774 2965; x_wconf 86' lang='lat' dir='ltr'><strong>laqueis</strong></span> <span class='ocrx_word' id='word_1_295' title='bbox 792 2912 923 2950; x_wconf 87' lang='lat' dir='ltr'><strong>caverem.</strong></span> <span class='ocrx_word' id='word_1_296' title='bbox 960 2896 1057 2950; x_wconf 87' lang='lat' dir='ltr'><strong>Testes</strong></span> 
     </span>
     <span class='ocr_line' id='line_1_35' title="bbox 60 2964 1056 3034; baseline -0.003 -14"><span class='ocrx_word' id='word_1_297' title='bbox 60 2967 103 3020; x_wconf 89' lang='lat' dir='ltr'><strong>rei</strong></span> <span class='ocrx_word' id='word_1_298' title='bbox 119 2965 206 3022; x_wconf 88' lang='lat' dir='ltr'><strong>habeo</strong></span> <span class='ocrx_word' id='word_1_299' title='bbox 224 2967 322 3022; x_wconf 87' lang='lat' dir='ltr'><strong>multos</strong></span> <span class='ocrx_word' id='word_1_300' title='bbox 339 2966 509 3020; x_wconf 82' lang='lat' dir='ltr'><strong>familiarium</strong></span> <span class='ocrx_word' id='word_1_301' title='bbox 522 2982 649 3034; x_wconf 88' lang='lat' dir='ltr'><strong>meorum,</strong></span> <span class='ocrx_word' id='word_1_302' title='bbox 668 2965 826 3034; x_wconf 92' lang='lat' dir='ltr'><strong>quibuscum</strong></span> <span class='ocrx_word' id='word_1_303' title='bbox 847 2980 897 3031; x_wconf 92' lang='lat' dir='ltr'><strong>per</strong></span> <span class='ocrx_word' id='word_1_304' title='bbox 909 2964 958 3018; x_wconf 91' lang='lat' dir='ltr'><strong>hos</strong></span> <span class='ocrx_word' id='word_1_305' title='bbox 968 2966 1056 3030; x_wconf 87' lang='lat' dir='ltr'><strong>proxi-</strong></span> 
     </span>
     <span class='ocr_line' id='line_1_36' title="bbox 57 3032 1057 3102; baseline -0.002 -14"><span class='ocrx_word' id='word_1_306' title='bbox 57 3049 118 3088; x_wconf 91' lang='lat' dir='ltr'><strong>mos</strong></span> <span class='ocrx_word' id='word_1_307' title='bbox 136 3050 220 3090; x_wconf 88' lang='lat' dir='ltr'><strong>annos</strong></span> <span class='ocrx_word' id='word_1_308' title='bbox 236 3035 355 3089; x_wconf 91' lang='lat' dir='ltr'><strong>laborem</strong></span> <span class='ocrx_word' id='word_1_309' title='bbox 373 3051 462 3088; x_wconf 89' lang='lat' dir='ltr'><strong>meum</strong></span> <span class='ocrx_word' id='word_1_310' title='bbox 473 3034 674 3102; x_wconf 92' lang='lat' dir='ltr'><strong>communicavi,</strong></span> <span class='ocrx_word' id='word_1_311' title='bbox 692 3033 862 3101; x_wconf 90' lang='lat' dir='ltr'><strong>provocando</strong></span> <span class='ocrx_word' id='word_1_312' title='bbox 873 3047 919 3085; x_wconf 90' lang='lat' dir='ltr'><strong>eos</strong></span> <span class='ocrx_word' id='word_1_313' title='bbox 931 3032 965 3085; x_wconf 91' lang='lat' dir='ltr'><strong>ad</strong></span> <span class='ocrx_word' id='word_1_314' title='bbox 977 3047 1057 3098; x_wconf 88' lang='lat' dir='ltr'><strong>quae-</strong></span> 
     </span>
     <span class='ocr_line' id='line_1_37' title="bbox 55 3100 1057 3170; baseline -0.004 -14"><span class='ocrx_word' id='word_1_315' title='bbox 55 3102 170 3157; x_wconf 91' lang='lat' dir='ltr'><strong>rendum</strong></span> <span class='ocrx_word' id='word_1_316' title='bbox 188 3119 289 3170; x_wconf 90' lang='lat' dir='ltr'><strong>verum,</strong></span> <span class='ocrx_word' id='word_1_317' title='bbox 312 3110 340 3156; x_wconf 90' lang='lat' dir='ltr'><strong>ct</strong></span> <span class='ocrx_word' id='word_1_318' title='bbox 357 3102 453 3170; x_wconf 88' lang='lat' dir='ltr'><strong>omnia,</strong></span> <span class='ocrx_word' id='word_1_319' title='bbox 500 3118 549 3155; x_wconf 89' lang='lat' dir='ltr'><strong>uae</strong></span> <span class='ocrx_word' id='word_1_320' title='bbox 567 3103 595 3154; x_wconf 89' lang='lat' dir='ltr'><strong>in</strong></span> <span class='ocrx_word' id='word_1_321' title='bbox 612 3102 678 3169; x_wconf 90' lang='lat' dir='ltr'><strong>ipsis</strong></span> <span class='ocrx_word' id='word_1_322' title='bbox 696 3100 863 3156; x_wconf 82' lang='lat' dir='ltr'><strong>Carminibus</strong></span> <span class='ocrx_word' id='word_1_323' title='bbox 881 3100 947 3153; x_wconf 93' lang='lat' dir='ltr'><strong>mihi</strong></span> <span class='ocrx_word' id='word_1_324' title='bbox 964 3101 1057 3153; x_wconf 89' lang='lat' dir='ltr'><strong>adver·</strong></span> 
     </span>
     <span class='ocr_line' id='line_1_38' title="bbox 56 3119 1054 3238; baseline -0.006 -13"><span class='ocrx_word' id='word_1_325' title='bbox 56 3170 114 3225; x_wconf 87' lang='lat' dir='ltr'><strong>sari</strong></span> <span class='ocrx_word' id='word_1_326' title='bbox 130 3171 298 3238; x_wconf 89' lang='lat' dir='ltr'><strong>viderentur,</strong></span> <span class='ocrx_word' id='word_1_327' title='bbox 324 3170 442 3224; x_wconf 92' lang='lat' dir='ltr'><strong>studiose</strong></span> <span class='ocrx_word' id='word_1_328' title='bbox 460 3119 609 3237; x_wconf 54' lang='lat' dir='ltr'><strong>adligantis</strong></span> <span class='ocrx_word' id='word_1_329' title='bbox 627 3175 655 3222; x_wconf 92' lang='lat' dir='ltr'><strong>et</strong></span> <span class='ocrx_word' id='word_1_330' title='bbox 672 3173 719 3222; x_wconf 92' lang='lat' dir='ltr'><strong>sub</strong></span> <span class='ocrx_word' id='word_1_331' title='bbox 738 3185 820 3222; x_wconf 89' lang='lat' dir='ltr'><strong>unum</strong></span> <span class='ocrx_word' id='word_1_332' title='bbox 838 3167 994 3235; x_wconf 88' lang='lat' dir='ltr'><strong>adspectum</strong></span> <span class='ocrx_word' id='word_1_333' title='bbox 1013 3182 1054 3220; x_wconf 92' lang='lat' dir='ltr'><strong>co·</strong></span> 
     </span>
    </p>
   </div>
   <div class='ocr_carea' id='block_1_5' title="bbox 55 3235 1056 3569">
    <p class='ocr_par' dir='ltr' id='par_1_5' title="bbox 77 3235 1055 3306">
     <span class='ocr_line' id='line_1_39' title="bbox 77 3235 1055 3306; baseline -0.006 -14"><span class='ocrx_word' id='word_1_334' title='bbox 77 3238 155 3294; x_wconf 88' lang='lat' dir='ltr'><strong>enda.</strong></span> <span class='ocrx_word' id='word_1_335' title='bbox 190 3240 231 3292; x_wconf 89' lang='lat' dir='ltr'><strong>Ac</strong></span> <span class='ocrx_word' id='word_1_336' title='bbox 256 3253 291 3293; x_wconf 87' lang='lat' dir='ltr'><strong>ne</strong></span> <span class='ocrx_word' id='word_1_337' title='bbox 307 3254 378 3292; x_wconf 92' lang='lat' dir='ltr'><strong>nunc</strong></span> <span class='ocrx_word' id='word_1_338' title='bbox 396 3238 503 3306; x_wconf 90' lang='lat' dir='ltr'><strong>quidem</strong></span> <span class='ocrx_word' id='word_1_339' title='bbox 520 3238 588 3291; x_wconf 90' lang='lat' dir='ltr'><strong>haec</strong></span> <span class='ocrx_word' id='word_1_340' title='bbox 606 3236 727 3304; x_wconf 90' lang='lat' dir='ltr'><strong>disputo,</strong></span> <span class='ocrx_word' id='word_1_341' title='bbox 751 3243 782 3290; x_wconf 92' lang='lat' dir='ltr'><strong>ut</strong></span> <span class='ocrx_word' id='word_1_342' title='bbox 795 3235 929 3304; x_wconf 88' lang='lat' dir='ltr'><strong>cuiquam</strong></span> <span class='ocrx_word' id='word_1_343' title='bbox 946 3249 1055 3301; x_wconf 90' lang='lat' dir='ltr'><strong>persua·</strong></span> 
     </span>
    </p>

    <p class='ocr_par' dir='ltr' id='par_1_6' title="bbox 56 3255 1056 3440">
     <span class='ocr_line' id='line_1_40' title="bbox 57 3255 1056 3375; baseline -0.005 -15"><span class='ocrx_word' id='word_1_344' title='bbox 57 3255 151 3375; x_wconf 58' lang='lat' dir='ltr'><strong>gaam,</strong></span> <span class='ocrx_word' id='word_1_345' title='bbox 178 3307 222 3359; x_wconf 91' lang='lat' dir='ltr'><strong>cui</strong></span> <span class='ocrx_word' id='word_1_346' title='bbox 245 3323 298 3360; x_wconf 94' lang='lat' dir='ltr'><strong>non</strong></span> <span class='ocrx_word' id='word_1_347' title='bbox 321 3306 381 3374; x_wconf 91' lang='lat' dir='ltr'><strong>ipsa</strong></span> <span class='ocrx_word' id='word_1_348' title='bbox 402 3321 446 3359; x_wconf 89' lang='lat' dir='ltr'><strong>res</strong></span> <span class='ocrx_word' id='word_1_349' title='bbox 469 3304 647 3373; x_wconf 88' lang='lat' dir='ltr'><strong>persuadeat,</strong></span> <span class='ocrx_word' id='word_1_350' title='bbox 666 3305 769 3370; x_wconf 86' lang='lat' dir='ltr'><strong>sedut,</strong></span> <span class='ocrx_word' id='word_1_351' title='bbox 788 3302 892 3371; x_wconf 89' lang='lat' dir='ltr'><strong>siquid</strong></span> <span class='ocrx_word' id='word_1_352' title='bbox 911 3301 1056 3356; x_wconf 88' lang='lat' dir='ltr'><strong>erraverim</strong></span> 
     </span>
     <span class='ocr_line' id='line_1_41' title="bbox 56 3369 969 3440; baseline -0.004 -14"><span class='ocrx_word' id='word_1_353' title='bbox 56 3375 152 3427; x_wconf 89' lang='lat' dir='ltr'><strong>autin</strong></span> <span class='ocrx_word' id='word_1_354' title='bbox 171 3374 267 3429; x_wconf 82' lang='lat' dir='ltr'><strong>falsum</strong></span> <span class='ocrx_word' id='word_1_355' title='bbox 286 3373 451 3440; x_wconf 90' lang='lat' dir='ltr'><strong>detorserim,</strong></span> <span class='ocrx_word' id='word_1_356' title='bbox 470 3373 568 3427; x_wconf 89' lang='lat' dir='ltr'><strong>erroris</strong></span> <span class='ocrx_word' id='word_1_357' title='bbox 586 3373 728 3426; x_wconf 89' lang='lat' dir='ltr'><strong>convincar</strong></span> <span class='ocrx_word' id='word_1_358' title='bbox 747 3371 780 3425; x_wconf 93' lang='lat' dir='ltr'><strong>ab</strong></span> <span class='ocrx_word' id='word_1_359' title='bbox 799 3369 969 3425; x_wconf 90' lang='lat' dir='ltr'><strong>acutioribus.</strong></span> 
     </span>
    </p>

    <p class='ocr_par' dir='ltr' id='par_1_7' title="bbox 123 3437 1056 3508">
     <span class='ocr_line' id='line_1_42' title="bbox 123 3437 1056 3508; baseline -0.006 -12"><span class='ocrx_word' id='word_1_360' title='bbox 123 3441 165 3496; x_wconf 85' lang='lat' dir='ltr'><strong>Ne</strong></span> <span class='ocrx_word' id='word_1_361' title='bbox 183 3457 247 3495; x_wconf 90' lang='lat' dir='ltr'><strong>vero</strong></span> <span class='ocrx_word' id='word_1_362' title='bbox 265 3440 487 3496; x_wconf 88' lang='lat' dir='ltr'><strong>Rudbeckianum</strong></span> <span class='ocrx_word' id='word_1_363' title='bbox 504 3441 639 3508; x_wconf 82' lang='lat' dir='ltr'><strong>ingenium</strong></span> <span class='ocrx_word' id='word_1_364' title='bbox 651 3440 769 3494; x_wconf 87' lang='lat' dir='ltr'><strong>induisse</strong></span> <span class='ocrx_word' id='word_1_365' title='bbox 781 3439 881 3506; x_wconf 92' lang='lat' dir='ltr'><strong>videar,</strong></span> <span class='ocrx_word' id='word_1_366' title='bbox 900 3437 999 3506; x_wconf 90' lang='lat' dir='ltr'><strong>quippe</strong></span> <span class='ocrx_word' id='word_1_367' title='bbox 1009 3437 1056 3506; x_wconf 95' lang='lat' dir='ltr'><strong>qui</strong></span> 
     </span>
    </p>

    <p class='ocr_par' dir='ltr' id='par_1_8' title="bbox 55 3506 1054 3569">
     <span class='ocr_line' id='line_1_43' title="bbox 55 3506 1054 3569; baseline -0.003 -7"><span class='ocrx_word' id='word_1_368' title='bbox 55 3508 101 3562; x_wconf 94' lang='lat' dir='ltr'><strong>vel</strong></span> <span class='ocrx_word' id='word_1_369' title='bbox 116 3509 145 3562; x_wconf 91' lang='lat' dir='ltr'><strong>in</strong></span> <span class='ocrx_word' id='word_1_370' title='bbox 161 3509 277 3564; x_wconf 90' lang='lat' dir='ltr'><strong>minimis</strong></span> <span class='ocrx_word' id='word_1_371' title='bbox 293 3509 448 3562; x_wconf 90' lang='lat' dir='ltr'><strong>historicam</strong></span> <span class='ocrx_word' id='word_1_372' title='bbox 465 3508 606 3561; x_wconf 90' lang='lat' dir='ltr'><strong>veritatem</strong></span> <span class='ocrx_word' id='word_1_373' title='bbox 632 3522 735 3561; x_wconf 89' lang='lat' dir='ltr'><strong>sacram</strong></span> <span class='ocrx_word' id='word_1_374' title='bbox 752 3521 809 3559; x_wconf 90' lang='lat' dir='ltr'><strong>rem</strong></span> <span class='ocrx_word' id='word_1_375' title='bbox 826 3506 926 3559; x_wconf 90' lang='lat' dir='ltr'><strong>habere</strong></span> <span class='ocrx_word' id='word_1_376' title='bbox 945 3506 1054 3569; x_wconf 88' lang='lat' dir='ltr'><strong>soleam,</strong></span> 
     </span>
    </p>
   </div>
   <div class='ocr_carea' id='block_1_6' title="bbox 0 0 1246 3960">
    <p class='ocr_par' dir='ltr' id='par_1_9' title="bbox 0 0 1246 3960">
     <span class='ocr_line' id='line_1_44' title="bbox 0 0 1246 3960; baseline 0 6"><span class='ocrx_word' id='word_1_377' title='bbox 0 0 1246 3960; x_wconf 95' lang='lat' dir='ltr'><strong> </strong></span> 
     </span>
    </p>
   </div>
  </div>
 </body>
</html>
