2482 3960
499 319 678 371 ..19-

89 467 182 526 Unam
202 465 277 525 hauc
290 465 537 536 quaestiunculam
551 465 712 525 discedenti
724 466 851 525 Homero
864 483 1025 539 proponere
1039 467 1088 527 ob-

90 545 160 602 litus
180 548 227 601 est
244 540 358 600 facetus
377 539 529 614 fabulator,
550 558 691 614 quaenam
702 548 793 601 extot
813 541 933 601 diversis
947 545 1089 603 recensio

91 619 176 678 nibus
201 616 353 693 probanda
371 623 449 676 esset
467 618 509 689 ei,
535 619 586 689 qni
605 619 686 677 illum
705 635 770 676 cum
790 624 933 691 apparatu
947 619 1090 679 librorum

91 697 201 768 legere,
228 699 279 752 ant
298 694 361 766 ipse
381 693 418 752 de
436 693 482 752 bis
502 694 590 753 rebus
609 695 739 753 iudicare
758 711 815 754 uon
834 701 959 754 curaret.
994 697 1089 755 Nimis

93 774 170 831 euim
189 771 373 829 temerarium
387 776 465 829 esset
479 776 509 829 et
521 771 774 843 inconsideratum,
794 771 877 830 unice
891 787 956 830 eam
969 773 1091 845 scriptu·

92 865 165 918 ram,
186 862 261 919 quae
280 863 332 906 sno
345 862 417 906 aevo
430 843 505 906 forte
518 863 644 919 caanne
654 848 773 919 vulgata
785 845 918 919 ferretur,
939 865 991 921 pro
1010 853 1092 908 recta

95 929 126 983 et
151 922 276 996 genuina
294 922 412 982 babere.
451 924 564 982 Numne
583 925 638 983 boc
657 923 736 983 aliud
757 929 817 996 est,
842 939 927 995 qnam
948 925 1019 996 eius,
1042 925 1092 996 qni

93 1003 171 1058 inter
189 1000 287 1073 plures
306 1000 477 1058 novissimus
497 1000 610 1059 locutus
630 1001 677 1073 sit,
698 999 833 1058 assentiri
846 1001 1026 1059 sententiae?
1046 1001 1109 1060 Ita·

94 1077 228 1134 nimirum
248 1076 298 1148 qui
318 1077 407 1134 sentit
425 1075 463 1133 de
483 1076 608 1149 scriptis,
633 1077 659 1135 si
678 1077 739 1134 vita
759 1077 821 1134 eius
841 1076 871 1132 in
891 1075 970 1134 aliud
991 1092 1092 1134 aevum

95 1153 254 1224 incidisset,
282 1151 369 1211 aliam
388 1152 535 1224 vulgatam
555 1151 796 1226 comprobandam
814 1151 948 1224 haberet3
979 1153 1048 1224 quin
1067 1154 1093 1212 si

97 1235 193 1288 textus
214 1229 251 1286 ab
264 1228 346 1287 initio
360 1229 490 1303 prolatus
506 1245 542 1287 ex
553 1229 656 1288 iisdem
669 1229 750 1287 libris
766 1227 852 1300 esset,
874 1244 994 1300 quorum
1007 1227 1094 1288 fidem

97 1306 273 1377 sequendam
294 1320 359 1363 esse
371 1311 468 1377 negat,
476 1370 479 1376 ,
488 1318 593 1378 magno
606 1304 703 1364 studio
716 1305 941 1379 amplecteretur
954 1322 998 1378 ea,
1019 1322 1093 1377 quae

97 1398 172 1441 nunc
192 1383 303 1454 spernit
323 1397 360 1439 ac
377 1381 483 1440 reiicit.

173 1460 275 1530 Neque
300 1473 368 1516 vero
393 1457 517 1529 denique
542 1459 692 1530 quisquam
717 1459 822 1517 menda
846 1457 1029 1517 librariorum
1050 1459 1095 1517 vel

98 1534 323 1607 typothetarum,
344 1550 418 1605 quae
439 1535 553 1593 saeculo
567 1550 619 1593 suo
633 1535 663 1592 in
676 1536 823 1607 vulgatam
835 1535 989 1593 lectionem
1001 1535 1093 1607 irrep·

99 1616 207 1683 senmt,
227 1617 287 1669 tam
307 1614 407 1668 sancte
428 1610 624 1669 conservanda
642 1617 734 1683 putet.
754 1611 842 1670 Velut
861 1627 954 1682 nuper
972 1611 1003 1667 in
1022 1611 1093 1668 mul·

98 1689 137 1745 tis
152 1687 233 1746 editt.
248 1687 360 1759 vulgari
374 1691 506 1758 coeptum
517 1693 562 1745 est
576 1686 599 1742 λ.
615 1692 680 1746 546.
694 1684 784 1765 ὁμίλῳ
796 1703 849 1760 pro
864 1684 970 1763 ὁμίλου,
981 1706 1013 1763 μ.
1028 1692 1092 1746 340.
1125 1747 1128 1750 .

96 1759 170 1820 αὐτά
187 1782 216 1836 p.
236 1759 336 1831 αὐτάς,
352 1782 382 1840 ρ.
402 1763 466 1822 lto.
487 1758 568 1842 ἴσχεν
580 1781 608 1836 p.
624 1759 699 1842 ἴσχει
718 1769 773 1822 etc.
812 1763 911 1822 Hasce
930 1763 1010 1821 leves
1034 1779 1093 1823 ma·

96 1840 184 1912 culas,
205 1840 301 1912 credo,
321 1839 451 1911 abstergi
463 1839 568 1897 sinunt.
588 1839 711 1898 Utemnr
723 1856 794 1912 ergo
806 1841 958 1913 permissu,
978 1839 1094 1911 quaudo

96 1916 202 1974 similia
222 1932 253 1973 se
272 1916 332 1973 leni
351 1916 522 1974 correctioni
535 1915 664 1989 offerent,
683 1917 753 1975 licet
763 1917 872 1988 aliquot
882 1916 1006 1974 saeculis
1020 1917 1093 1974 anti-

99 1993 208 2064 quiora.
250 1992 325 2063 Quid
350 1998 447 2051 autem
467 2007 503 2050 ea
522 1991 629 2063 dicam,
654 2009 728 2064 quae
748 1989 995 2049 Μουσοπνευστίαν
1015 1992 1094 2049 illam

97 2067 249 2127 manifeste
275 2067 402 2140 produnt
429 2068 554 2126 hnmana
573 2069 751 2141 negligentia
770 2073 801 2125 et
820 2069 935 2127 inscitia
954 2067 1093 2138 vitiatam,

96 2144 284 2203 barbarismis
304 2149 333 2203 et
353 2144 538 2215 soloecismis,
558 2144 650 2216 iisque
664 2143 917 2216 depravationibus
930 2144 1093 2203 sententiae

98 2227 128 2279 et
147 2220 296 2290 orationis,
316 2236 387 2292 quas
407 2237 491 2279 nemo
511 2220 541 2276 in
561 2220 621 2279 ullo
636 2221 785 2292 scriptore,
806 2218 912 2277 nedum
924 2219 954 2276 in
967 2219 1022 2279 hoc
1036 2237 1095 2278 om·
1107 2244 1132 2284 as

97 2297 176 2355 nium
199 2297 345 2371 principe,
379 2313 471 2368 aequo
497 2297 591 2354 auimo
617 2294 713 2355 serati
751 2295 845 2354 Huius
871 2312 984 2368 quoque
1007 2303 1094 2356 notae

98 2389 192 2445 pauca
211 2373 370 2445 subiiciam,
391 2379 422 2430 et
440 2372 512 2431 talia
530 2373 662 2445 maxime,
682 2389 757 2445 quae
772 2373 874 2444 exiguo
890 2371 978 2431 ductu
991 2374 1095 2432 calami

98 2449 136 2509 ad
156 2450 399 2522 praestantiorum
424 2449 562 2508 librorum
586 2457 686 2508 nutum
711 2447 815 2522 refingi
839 2455 983 2522 poterant.
1019 2452 1094 2509 Nam

98 2544 121 2582 ε.
138 2531 204 2584 416:
225 2523 299 2603 λχῶρ
321 2524 435 2584 abiecta
445 2542 513 2583 una
531 2527 630 2584 littera
644 2527 766 2598 praebet
779 2527 958 2584 verissimam
972 2527 1094 2599 scriptu·

97 2619 160 2660 ram
174 2601 240 2680 ἰχῶ,
253 2618 339 2674 quam
351 2601 486 2660 Eustath.
501 2602 667 2662 doctissimo
681 2603 783 2674 cuique
797 2603 864 2661 olim
878 2604 1022 2675 placuisse
1035 2609 1094 2661 tra-

98 2679 150 2750 dit,
172 2677 210 2736 ad
229 2677 345 2737 modum
364 2676 528 2751 formarum,
555 2677 636 2755 ἱδρῶ,
661 2679 758 2735 κυκεῶ
779 2685 809 2736 et
828 2679 971 2739 similium.
1010 2680 1094 2738 Illam

98 2756 175 2812 enini
195 2755 342 2827 vulgatam
354 2755 461 2812 nemini
474 2771 598 2826 unquam
611 2762 714 2814 neutro
729 2771 836 2827 genere
846 2754 1006 2814 adhibitam
1020 2771 1092 2827 esse,

98 2838 222 2889 centena
246 2831 310 2890 loca
329 2831 505 2889 medicorum
526 2831 644 2902 docent;
678 2847 771 2902 neque
790 2830 821 2888 id
841 2831 993 2889 voluerunt
1011 2831 1041 2902 ii,
1075 2846 1093 2888 a

96 2907 199 2978 quibus
220 2924 284 2964 eam
304 2908 475 2979 accepimus,
503 2907 540 2965 ad
560 2913 824 2979 quorummentem
844 2907 944 2977 utique
963 2912 1092 2978 apostro·
1146 2916 1150 2926 '

98 2983 172 3055 phus
187 2983 337 3041 addendus
351 2982 453 3042 fuerat.
475 2983 533 3042 Sed
546 2983 601 3042 hoc
614 2985 714 3040 vitium
726 2984 784 3040 iam
797 2983 954 3040 Barnesius
967 2982 1092 3040 sustulit.

96 3060 130 3116 ln
151 3059 252 3118 eodem
271 3059 345 3118 libro
363 3078 389 3117 v.
405 3066 470 3118 394.
490 3058 568 3118 idem
582 3075 618 3117 ex
631 3058 713 3119 codd.
734 3061 794 3117 suis
808 3059 954 3130 corrigere
968 3059 1094 3117 debebat

95 3136 223 3225 ineptum
235 3154 293 3193 κεν.
316 3137 378 3207 Quo
389 3135 514 3195 admisso
528 3137 673 3194 sententia
682 3151 771 3208 prave
780 3137 909 3194 imitatur
922 3135 1093 3207 hypothesin

99 3227 198 3269 versus
221 3219 285 3284 388,
316 3228 403 3283 quum
431 3213 528 3284 potius
560 3212 688 3270 eiusdem
717 3213 832 3284 generis
852 3212 891 3269 sit
911 3228 945 3269 ac
964 3211 1094 3283 proxima

96 3305 122 3343 v.
145 3294 210 3346 395.
225 3304 286 3360 sqq.
306 3288 363 3346 Est
383 3289 457 3345 enim
475 3290 556 3360 haec,
577 3288 627 3366 τλῆ
640 3282 718 3365 Ἥρη,
737 3285 787 3344 ὅτε
802 3307 849 3364 μιν
867 3285 1011 3363 κρατερὸς
1029 3289 1094 3350 παῖς

96 3359 125 3420 Ἄ.
147 3361 239 3442 dihrqi
253 3361 353 3438 βαλὼν
373 3359 501 3453 ὀδύνῃσιν
522 3359 641 3423 ἔδωκεν.
674 3363 753 3422 Alibi
773 3369 873 3422 contra
897 3364 1039 3436 particula
1059 3381 1094 3418 κε

98 3439 268 3499 oblitterata
288 3445 530 3499 constructronem
549 3446 727 3513 corruperat,
747 3447 780 3498 ut
796 3460 826 3516 ρ.
848 3445 912 3498 629.
941 3440 1037 3498 Simile
1059 3455 1094 3496 ex

97 3532 156 3576 una
175 3517 306 3576 litterula
326 3516 427 3575 vitium
447 3521 493 3574 est
512 3516 623 3582 dextr.
644 3513 809 3587 ἐλάσαλτες,
830 3517 1004 3575 nominativo
1024 3515 1094 3572 nihil

915 3617 942 3658 2.
