2482 3960
109 1227 264 1311 Friderici
288 1251 412 1326 Augusti
436 1251 532 1313 Wolfii
557 1253 761 1327 prolegomena
787 1253 817 1311 in
842 1252 960 1312 Homeri
978 1252 1098 1314 Iliadem

110 1360 211 1435 quibus
237 1364 345 1423 caussis
376 1365 508 1424 commoti
543 1363 636 1425 denuo
663 1363 749 1423 edere
775 1365 1019 1439 constituerimus,
1043 1382 1099 1426 non

110 1473 255 1546 estquod
281 1476 424 1550 copiosius
450 1475 632 1550 explicemus.
677 1476 751 1535 Nam
777 1480 810 1533 ut
834 1492 906 1549 opus
926 1475 997 1534 illud
1016 1492 1099 1549 prac-

108 1585 321 1660 stantissimum‚
341 1603 427 1660 quum
447 1603 473 1646 a.
489 1588 562 1646 1⁷95
582 1589 703 1662 primum
722 1589 752 1646 in
771 1588 863 1646 lucem
884 1587 991 1647 editum
1013 1593 1099 1661 esset,

107 1696 355 1758 vehementissime
385 1699 596 1774 philologorum
626 1699 724 1760 studia
753 1701 917 1775 commovit,
947 1701 989 1760 ita
1013 1701 1099 1761 hodie

107 1825 219 1883 quoque
255 1812 395 1870 communi
424 1813 548 1872 omnium
583 1812 731 1874 doctorum
755 1813 861 1873 iudicio
887 1815 969 1886 quasi
997 1813 1100 1873 lexat

107 1936 206 1980 norma
236 1923 354 1982 criticae
379 1925 425 1983 via
451 1940 487 1983 ac
511 1924 623 1983 ratione
643 1921 793 1982 faciendae
813 1922 949 1997 habetur,
974 1927 1007 1981 ut
1025 1938 1098 1982 nova

107 2030 173 2089 libri
199 2030 343 2106 editione,
370 2050 444 2106 quae
469 2034 595 2108 priorem
624 2038 758 2092 accurate
779 2033 985 2105 emendareque
1006 2034 1099 2107 expri-

106 2146 179 2215 mat,
209 2143 395 2216 plurimorum
421 2143 575 2203 commodis
600 2144 709 2203 consuli
729 2159 815 2217 posse
835 2141 975 2202 videatur.
1014 2143 1098 2202 Eius·

107 2250 183 2310 modi
210 2252 365 2311 editionem
390 2270 441 2312 nos
468 2253 620 2327 philologis
646 2253 803 2324 offerimuS,
830 2255 881 2314 scd
903 2270 965 2313 eam
985 2260 1098 2314 auctam

106 2367 166 2419 tam
191 2363 336 2422 luculenta
360 2366 536 2438 accessione,
562 2371 632 2424 uta
656 2367 724 2425 viris
750 2367 841 2426 doctis
869 2366 947 2426 haud
967 2366 1100 2439 exiguam

108 2471 231 2543 gratiam
261 2474 359 2533 inituri
391 2491 454 2534 esse
491 2475 647 2534 videamur.
693 2476 820 2550 Contigit
844 2479 918 2535 enim
942 2477 1038 2550 uobis,
1067 2482 1100 2535 ut

109 2584 266 2659 exemplar,
293 2602 348 2657 quo
368 2585 388 2642 Ι.
412 2584 563 2644 Bekkerus
584 2603 652 2644 usus
673 2592 718 2645 cst
742 2588 984 2660 resciscerem,
1018 2589 1098 2646 cuius

107 2696 229 2768 margini
261 2697 304 2754 vir
335 2695 516 2756 doctissimus
546 2697 744 2757 annotationes
778 2699 925 2771 ascripsit,
957 2715 1027 2771 quas
1052 2698 1099 2757 hic

107 2805 214 2879 publici
238 2807 308 2866 iuris
338 2806 465 2866 facimus.
505 2809 655 2867 Pertinent
681 2825 733 2868 eae
752 2810 904 2868 maximam
929 2815 1042 2883 partem
1061 2807 1100 2868 ad

109 2917 238 2977 criticam
269 2924 298 2977 ct
330 2919 407 2978 locos
439 2919 688 2991 grammaticorum
719 2925 748 2978 et
777 2921 966 2993 interpretum
997 2918 1098 2991 quibus

109 3043 145 3087 ea
176 3045 250 3101 quae
270 3028 389 3089 Wolfius
422 3031 572 3103 proposuit
600 3029 839 3104 adprobantur,
868 3031 914 3089 vel
934 3045 1099 3104 oppugnan.

108 3142 163 3196 tur.
208 3139 309 3210 Neque
333 3156 430 3199 omncs
456 3140 539 3198 simul
568 3139 620 3199 sed
645 3140 802 3199 identidem
828 3141 953 3214 repetita
975 3141 1098 3199 lectione

108 3248 250 3323 ascriptas
271 3266 334 3308 esse
354 3251 447 3323 ipsum
462 3250 608 3324 exemplar
621 3250 713 3310 docet.
748 3249 867 3309 Constat
880 3257 976 3310 autem
988 3250 1009 3312 Ι.
1023 3249 1098 3309 Bek-

108 3357 210 3418 kerum
230 3376 265 3419 ex
286 3375 341 3431 quo
361 3360 471 3420 iuvenis
491 3361 521 3419 in
534 3359 631 3420 Wolfii
650 3360 830 3436 disciplinam
849 3363 928 3420 venit
946 3378 999 3436 por
1018 3377 1098 3422 sexa·

109 3470 201 3543 ginta
221 3487 271 3530 sex
300 3486 389 3529 annos
414 3470 533 3530 Homeri
565 3473 737 3531 carminibus
770 3473 953 3533 emendandis
982 3486 1098 3546 operam
