2482 3960
554 272 731 331 —172-

98 437 137 480 no
149 429 296 498 receptum
314 424 456 496 hodieque
475 425 580 498 placet,
600 430 631 482 et
642 423 679 482 ab
691 426 816 497 optimis
830 428 1060 504 interpretibus
1071 431 1155 492 deleo

149 500 280 572 diturll).
318 501 451 572 Denique
480 499 620 573 quomodo
646 516 677 559 ae
696 504 840 562 1111111111
860 506 895 564 in
918 510 1016 567 variis
1036 509 1154 583 1111111111

149 577 241 635 critici
259 579 398 645 muneris,
431 578 615 650 quodetiam
640 578 669 634 in
688 577 824 639 Hesiodo
846 591 1051 658 susceperat,
1075 587 1153 644 minus

148 654 327 727 exploratum
353 654 490 714 habemus
520 660 640 728 propter
667 655 852 726 paucitatem
888 661 1006 720 talium
1036 663 1153 736 speeimi

148 729 265 796 numlil.
305 731 363 790 Sed
383 731 516 803 equidem
535 746 591 791 non
610 730 694 803 plum
706 732 903 808 quaesierim,
927 744 966 796 ut
979 739 1152 812 pravmnlm

147 808 231 866 minis
252 824 371 867 acumen
389 809 477 866 mirer
496 814 526 867 et
544 805 688 865 indoctam
706 809 926 871 temeritatem.

505 1177 778 1262 PARSH.

629 1343 658 1415 Ι.

149 1481 217 1563 Iam
229 1505 282 1577 his,
296 1521 369 1576 quae
382 1505 520 1564 haetenus
534 1506 678 1580 disputavi
691 1508 727 1566 de
740 1507 1015 1582 conversionibusl)
1031 1518 1063 1570 et
1075 1512 1144 1570 vicis·

149 1582 320 1640 situdinibus
340 1588 434 1641 textus
454 1583 613 1655 Homerici,
638 1583 731 1655 deque
750 1581 876 1642 fontibus
898 1587 1058 1647 variarum
1079 1588 1142 1659 ejus

149 1675 204 1730 que
224 1658 467 1731 scripturaruml),
487 1660 534 1717 via
553 1659 700 1732 patefacta
713 1659 826 1718 videtur
846 1659 885 1717 ad
907 1663 1043 1722 alterum
1065 1668 1140 1737 caput

147 1735 232 1806 hujus
253 1735 467 1807 disquisitionis,
486 1737 516 1792 in
535 1753 591 1807 quo
610 1737 695 1808 htujus
715 1735 886 1796 emendandi
900 1741 1027 1808 generis
1041 1755 1141 1799 summu

150 1816 179 1868 et
197 1810 374 1883 potissimae)
394 1818 550 1885 praecepta
570 1819 600 1871 et
619 1815 750 1885 exempla
778 1813 983 1887 proponam4),
1034 1817 1140 1875 Etenim

148 1893 227 1945 recte
253 1894 297 1945 est
316 1904 334 1945 a
352 1888 481 1960 pluribus
507 1889 726 1962 admonitum),
752 1889 869 1947 criticae
896 1891 973 1949 artis
1002 1895 1138 1952 rationem

149 1965 319 2036 scriptorum
343 1964 483 2023 varietate
509 1966 687 2038 ingeniorum
707 1973 737 2024 et
755 1965 957 2039 materiarum,
986 1969 1138 2041 inquibus

149 2040 292 2114 elaboret,
322 2042 413 2115 ipsam
445 2059 556 2115 quoque
586 2043 691 2101 vanari
720 2043 873 2113 multisque
899 2042 999 2102 modis
1029 2046 1137 2105 mutari

151 2118 292 2189 Quantam
315 2135 383 2178 vero
407 2119 570 2191 putabimus
592 2119 787 2178 diversitatem
807 2134 871 2176 esse
884 2124 1030 2191 oportere
1044 2123 1076 2179 iu
1088 2123 1139 2181 Ho

148 2195 271 2267 mero⁶)‚
301 2197 349 2266 qui
378 2213 434 2255 non
463 2196 553 2254 solum
584 2197 646 2268 ipse
671 2196 879 2254 diversissimus
905 2200 952 2253 est
978 2213 999 2254 a
1028 2199 1141 2271 reliquis

216 2364 251 2426 11)
268 2361 336 2416 Vide
353 2362 392 2416 br.
411 2362 496 2416 Schol.
514 2360 549 2415 ad
566 2362 658 2430 Odyss.
677 2380 701 2413 a.
720 2365 782 2415 320.
796 2342 855 2415 coll.
873 2359 964 2428 Etym.
983 2362 1026 2418 Μ.
1041 2382 1069 2434 p.
1084 2370 1139 2421 111.

148 2434 189 2486 21.
207 2429 293 2485 Schol.
311 2428 346 2483 ad
359 2450 386 2501 χ.
407 2435 462 2484 188.
482 2436 509 2484 11
525 2429 649 2483 Eustath.
667 2445 693 2496 p.
714 2433 787 2484 1924.
808 2433 848 2484 11.
865 2435 916 2482 etc

215 2515 250 2580 ⁷2)
267 2513 409 2567 Lectiones
426 2514 461 2567 Gr
478 2553 485 2581 ,
512 2529 580 2581 quae
596 2521 686 2567 tamen
704 2529 757 2567 non
775 2519 837 2567 sunt
854 2528 945 2567 omnes
964 2517 1138 2572 coniecturae

148 2582 156 2635 i
178 2582 242 2642 sius,
259 2581 286 2634 in
304 2579 423 2647 SchoIiis,
441 2580 565 2635 Eustath.
584 2589 611 2635 et
622 2581 710 2649 Etym.
722 2582 760 2634 M.
772 2587 899 2635 notantur
908 2579 977 2634 hae:
998 2584 1073 2654 11.7.
1087 2589 1138 2641 155.

171 2668 205 2702 κα
222 2655 367 2703 retractum
384 2648 418 2702 ad
430 2649 542 2715 ἰοῦσαν,
560 2649 582 2702 λ.
595 2651 653 2704 753.
665 2650 838 2716 δι’ἀσπιὸέος,
855 2646 935 2702 hodie
947 2649 994 2703 vul
1015 2655 1142 2708 electum

147 2737 175 2782 μ.
192 2721 233 2772 25.
251 2717 280 2769 ἓν
299 2717 328 2770 δ’
346 2717 421 2787 ἦμαρ
439 2717 482 2777 ((11
495 2733 547 2784 quo
559 2734 584 2771 v.
597 2734 654 2785 sup.
667 2733 709 2785 op.
721 2715 810 2770 XLIV
821 2722 876 2770 not.
888 2720 930 2770 85.
942 2733 986 2771 me
1010 2724 1029 2783 ,)
1043 2741 1073 2790 φ,
1084 2724 1138 2776 322.

148 2786 300 2858 τυμβοχόης
321 2800 370 2853 pro
389 2784 459 2839 infin.
486 2785 654 2866 raustoloqo‘
679 2792 726 2864 aut
748 2784 856 2852 vulgato
874 2785 1055 2856 τυμβοχοῆς,
1082 2793 1136 2845 558.

148 2853 251 2939 Ἰδήϊυνξ
268 2870 336 2923 quae
354 2853 443 2908 forsan
455 2860 557 2974 ommi?
568 2859 609 2907 est
620 2869 744 2973 ommam,
755 2855 791 2972 ᾖ.
803 2857 862 2908 361.
873 2857 1015 2973 μεμνοῖῗ,
1038 2878 1070 2910 ω,
1082 2861 1138 2912 253,

148 2922 667 3059 111111111111311111,
680 2926 752 3057 11.
769 2920 957 3056 111111.-

216 3078 239 3144 1)
261 3075 459 3130 mutationibus.
561 3075 585 3143 ²)
607 3072 773 3129 lectionibus.
875 3074 898 3139 ³)
921 3073 1040 3140 potiora.

146 3145 170 3210 4)
188 3159 240 3213 quo
259 3142 415 3196 emendandi
432 3143 502 3196 illius
521 3157 616 3197 causae
635 3148 662 3194 et
673 3141 798 3209 propriae
811 3141 928 3195 rationes
940 3144 1054 3198 summis
1066 3159 1140 3212 prae·

148 3211 233 3278 ceptis
256 3210 437 3278 exemplisque
461 3209 633 3263 illustrandae
651 3216 712 3262 sunt
730 3209 937 3288 persequendae.
1046 3215 1070 3280 ⁵)
1088 3213 1140 3266 ani-

147 3278 322 3332 madversum.
424 3281 447 3346 6)
471 3287 499 3331 11
516 3277 641 3331 Hesiodo.
676 3276 808 3331 Hesiodus
831 3277 938 3345 iugenio
955 3277 1072 3333 inferior
1088 3281 1140 3334 Ho

146 3360 230 3414 mero,
247 3353 340 3400 auctor
358 3345 442 3398 ἔπεων
462 3353 489 3400 11
507 3345 630 3400 carminis
646 3344 815 3399 admonitorii
832 3361 884 3412 quo
902 3345 1033 3424 sapientis
1045 3363 1140 3403 nomen

147 3421 285 3468 assecutus
303 3420 357 3477 est;
374 3422 402 3468 at
420 3429 526 3468 carmen
542 3413 654 3466 multum
672 3412 748 3467 abest
765 3412 799 3466 ab
816 3420 874 3466 arte
887 3427 995 3468 semoris
1006 3416 1140 3481 poematis

147 3493 198 3535 nee
214 3479 297 3535 habet
314 3481 481 3549 complexum
498 3487 703 3549 praeceptorum
720 3480 878 3535 certioribus
889 3479 986 3535 finibus
997 3483 1138 3538 inclusum

288 3704 306 3742 A
