2482 3960
565 291 740 374 ‘‚·4²‘'

153 435 380 515 βουστροφηδόν.
419 431 538 496 PrIvata
565 453 602 494 an
628 436 752 495 habilior
778 442 840 494 tum
864 435 954 495 fuerit
979 437 1057 510 apud
1077 439 1156 512 illos,

156 514 273 572 dubium
298 513 424 572 reddunt
448 513 566 571 eaedem
590 514 731 582 rationes,
756 520 876 585 propter
903 530 973 584 quas
999 513 1154 574 Bentleius

155 591 343 663 plaustrarias
357 588 469 648 fabulas
480 589 642 647 Susarionis
654 595 684 647 et
693 589 847 661 ThespidIs
859 590 982 662 (Olymp.
993 589 1154 664 L-LXI.)

156 668 262 739 scripto
283 666 376 725 editas
395 665 565 738 negavitlil,
585 667 698 724 nemine
719 665 897 724 eruditorum
924 667 1152 725 contradicente.

156 742 242 801 Certe
265 742 427 802 Atticorum
453 743 625 815 scriptorum
654 759 710 801 non
738 748 804 799 ante
829 742 948 800 Persica
973 750 1107 814 tempora
1115 743 1154 809 ³4)

117 825 142 862 ⁷⁰
155 819 262 878 mentio
281 817 313 876 fit
333 825 384 876 aut
402 817 582 891 significatio,
603 820 648 876 cui
668 836 724 876 non
745 816 831 876 fidem
851 818 974 890 deroget
993 819 1071 877 illius
1085 821 1152 877 aevi

156 897 248 953 atrei
267 896 400 967 publicae
419 894 508 954 iacies
530 902 559 953 et
579 896 812 971 grauissimorum
833 902 982 953 auctorum
996 896 1155 953 silentium.

156 971 213 1030 Sed
232 988 289 1030 non
307 988 475 1044 persequar,
496 971 571 1044 quod
591 979 691 1030 tenere
712 973 773 1029 sine
794 973 886 1043 longis
900 971 1069 1043 ambagibus
1089 988 1149 1031 non

154 1065 284 1121 possum3
311 1051 386 1108 ultro
412 1050 498 1106 ctiam
525 1049 728 1119 concesserim,
754 1047 900 1118 aliquanto
927 1054 994 1105 ante
1015 1048 1151 1106 Solonem

154 1125 276 1182 Athenis
286 1124 360 1183 hanc
370 1133 461 1183 artem
471 1126 620 1198 paullaIIm
631 1125 743 1197 privato
754 1125 849 1184 studio
859 1125 993 1196 usurpari
1003 1130 1153 1196 coeptam:

154 1217 248 1270 neque
265 1201 337 1260 adeo
356 1201 465 1271 dubito,
485 1202 554 1271 quirr
571 1201 602 1258 id
623 1202 746 1258 saecuIIs
766 1200 841 1258 VIII.
865 1208 894 1259 et
913 1201 976 1258 VH.
994 1201 1023 1257 in
1043 1202 1151 1258 ceteris

155 1277 327 1347 civitatibus
353 1277 520 1336 nominatim
539 1278 637 1335 Ioniae
658 1283 688 1334 et
706 1277 833 1348 Magnae
855 1277 1006 1347 Graeciae,
1026 1275 1151 1336 feceriut

155 1353 331 1412 sollertiores
351 1353 468 1425 quidam
486 1353 625 1425 homines,
647 1368 802 1423 eorumque
825 1354 1040 1426 exemplumvel
1055 1355 1148 1411 secuti

155 1430 201 1486 vel
225 1429 281 1501 ipsi
307 1446 368 1487 rem
388 1430 529 1502 auspicati
555 1431 612 1487 sint
638 1434 742 1502 poetae
763 1431 908 1497 nonnulli,
934 1430 958 1487 si
978 1446 1035 1487 non
1053 1430 1152 1501 Asius,

154 1506 307 1577 Eumelus,
331 1505 481 1576 hramnus,
507 1507 569 1576 alii,
596 1506 648 1564 sub
676 1507 775 1577 primis
803 1504 935 1579 Olympp.
965 1507 1035 1564 olari
1060 1506 1151 1577 epicis

156 1581 345 1654 Carminibus,
366 1588 397 1640 at
416 1588 495 1640 certe
514 1582 713 1653 Archilochus
733 1582 864 1654 Alcman,
884 1582 1034 1653 Pisander,
1061 1583 1153 1640 Arion

155 1659 304 1717 ethorum
325 1659 474 1730 aequales:
495 1664 591 1716 tamen
611 1661 635 1716 si
656 1659 841 1716 decalvare
864 1659 980 1715 &aecio
1003 1665 1032 1716 et
1052 1658 1151 1730 paullo
1199 1683 1206 1694 ¹

155 1735 267 1792 tritiora
281 1752 335 1793 usu
349 1735 420 1792 artis
435 1737 604 1804 institutoque
616 1738 865 1790 conscribendorum
880 1738 1009 1807 librorum
1024 1736 1151 1806 quaeritr,

154 1810 227 1867 illud
246 1811 448 1869 removendum
469 1827 526 1868 non
547 1818 610 1869 esse
631 1810 800 1881 aThaletis,
822 1811 943 1884 Solonis,
963 1811 1110 1869 Pisistrati
1125 1818 1157 1869 et

156 1903 264 1958 eorum,
286 1888 334 1957 qui
355 1887 508 1961 Sapientes
530 1887 721 1959 appellantur,
742 1893 848 1959 aetate,
868 1888 886 1943 i.
902 1904 926 1945 e.
942 1905 977 1946 ea
991 1904 1047 1959 qua
1062 1889 1157 1946 oratio

154 1969 246 2021 metro
268 1964 339 2022 solvi
361 1965 465 2037 coepit,
486 1965 528 2022 ita
547 1962 690 2036 signifieat
708 1964 790 2024 nobIs
805 1965 928 2022 historia
942 1965 1046 2022 artium
1062 1963 1158 2022 Grae·
1182 1982 1184 1986 ⁴

155 2055 253 2096 carum
273 2041 406 2112 omnium,
426 2047 459 2098 ut
478 2038 627 2098 Infantiam
648 2057 728 2099 suam
750 2041 832 2100 obliti
846 2041 944 2114 populi
958 2041 1155 2099 testimonium

156 2116 272 2174 minImc
292 2117 514 2176 desiderandum
534 2118 675 2176 videatur.

233 2193 278 2251 De
298 2196 411 2253 cultura
430 2211 534 2266 prosae
554 2195 701 2266 oratIonis,
721 2196 840 2253 ineunte
859 2196 974 2253 saeculo
995 2201 1062 2252 ante
1084 2193 1153 2252 Chr.

155 2268 203 2325 VI.
224 2286 242 2326 a
266 2270 396 2340 pluribus
422 2277 452 2328 et
471 2271 533 2342 ipso
554 2271 658 2329 Solone
677 2272 823 2342 inchoata,
855 2272 948 2341 deque
968 2272 1062 2326 causis
1084 2272 1151 2328 novi

118 2350 142 2387 ⁷1
156 2345 263 2416 incepti
287 2346 357 2402 nihil
384 2347 434 2404 hie
458 2346 550 2404 habeo
578 2346 687 2404 dicere:
715 2353 744 2404 et
769 2362 843 2418 quae
874 2361 909 2402 ex
929 2352 1058 2402 veterum
1078 2346 1151 2405 locis

155 2420 264 2478 hauriri
283 2427 413 2492 possunt,
433 2420 512 2478 dicta
525 2428 592 2479 sunt
604 2422 712 2479 omnia:
734 2428 765 2479 at
779 2429 865 2479 unam
879 2437 948 2491 rem,
970 2420 1025 2476 etsi
1039 2420 1068 2475 in
1083 2436 1152 2479 con-

155 2498 267 2553 iectura
286 2497 418 2569 positam,
438 2497 565 2568 afferam,
585 2499 641 2555 nisi
660 2498 756 2557 omnia
775 2512 821 2554 me
835 2495 946 2567 fallunt,
967 2497 1151 2557 utilissimam

156 2572 222 2630 huic
242 2573 403 2647 quaestioni
422 2579 546 2631 nostrae.
576 2574 651 2632 Nam
664 2575 779 2632 ridetur
798 2575 1012 2646 planeneoesse
1026 2589 1100 2645 esse,
1120 2584 1155 2633 ut

156 2655 224 2719 tum,
246 2665 331 2719 quum
347 2648 451 2707 Graeci
470 2651 608 2722 impetum
628 2647 766 2724 caperent
786 2651 900 2708 vincula
920 2651 1040 2708 metrica
1059 2652 1153 2708 revel-

155 2859 194 2914 ΕΘ
233 2791 270 2912 ἓθ)
288 2792 320 2844 In
337 2791 416 2858 Apol.
434 2791 504 2845 Disa.
523 2791 555 2845 de
572 2792 672 2860 Epistt.
690 2793 841 2850 Phalaridis
859 2812 884 2863 p.
906 2800 962 2850 109.
981 2811 1039 2863 sqq.
1059 2796 1152 2848 transl.

196 2876 231 2913 nn
248 2876 275 2927 p.

223 2947 258 3012 ³4)
276 2945 312 2999 Ut
329 2951 470 3013 poetarum
488 2947 655 3012 comicorum,
681 2947 837 3013 Chionides,
855 2947 998 3015 Magnetis,
1017 2955 1048 3001 ut
1065 2947 1151 3014 philo·

156 3014 233 3082 sophi
250 3014 445 3080 Anaxagorae„
467 3015 512 3081 qui
536 3014 576 3068 01.
595 3015 709 3082 LXXV,
735 3022 756 3070 1.
781 3031 864 3069 annos
883 3019 917 3069 20
933 3024 1013 3070 natus
1030 3016 1152 3068 Athenas

155 3081 286 3150 migravit.
306 3080 384 3147 Diog.
402 3080 432 3133 L.
451 3081 486 3148 II,
504 3085 528 3136 7.
557 3082 679 3136 Priorem
696 3090 836 3151 poetarum
854 3084 976 3150 illorum,
1000 3084 1076 3138 euius
1094 3088 1151 3134 tan·

156 3166 235 3217 quam
253 3148 331 3216 primi
349 3163 382 3200 ex
401 3147 514 3202 Gomieis
524 3150 623 3203 Atticis
640 3152 760 3204 meminit
773 3151 941 3219 Aristotelea,
959 3153 1035 3205 annis
1053 3155 1069 3203 8
1087 3160 1150 3203 ante

156 3219 273 3271 Xerxem
284 3215 389 3269 fabulas
398 3215 527 3284 docuisse,
546 3233 579 3271 ex
593 3219 710 3286 antiquis
721 3220 932 3287 chronographis
944 3220 1047 3273 notavit
1056 3217 1153 3272 Suidas

156 3302 215 3339 eum
233 3284 362 3350 Eudocia,
380 3283 448 3337 bene
466 3283 526 3339 ideo
544 3301 561 3338 a
579 3286 714 3354 Scaligero
735 3288 762 3339 in
783 3287 875 3340 Descr.
894 3288 1016 3356 Olympp.
1035 3287 1150 3340 rolatum

157 3354 192 3407 ad
209 3353 248 3406 01.
267 3351 391 3405 LXXIII.
426 3351 575 3419 Utrumque
592 3361 683 3407 autem
700 3355 822 3422 pluribus
841 3357 917 3408 annis
934 3370 1094 3422 praegressa
1111 3360 1153 3406 est

157 3420 299 3474 Comoedia
316 3419 479 3475 Graecorum
497 3420 681 3488 siciliensium,
699 3423 733 3477 ah
750 3422 922 3490 Epicharmo,
941 3423 963 3476 si
980 3429 1061 3477 nutus
1078 3428 1152 3475 vete·

156 3506 215 3543 rum
232 3495 305 3542 recte
323 3503 459 3556 assequor,
476 3489 627 3556 perscripta
643 3491 696 3544 iam
715 3499 776 3545 ante
795 3490 904 3557 (belonis
922 3491 1098 3560 tyrannidem.
