2482 3960
527 299 702 356 ⁷113-

112 447 212 504 mitem
233 445 426 518 expeditionis
447 460 543 504 secum
564 445 645 503 duxit
657 445 688 503 in
700 445 809 518 Asiam,
829 461 939 518 perque
959 447 1112 506 intervalla

96 524 295 594 >negotiorum
319 539 377 581 una
407 538 472 581 cum
497 521 673 581 Callisthene
699 528 729 580 et
753 522 925 582 Anaxarcho
934 522 973 593 4⁸)
1004 524 1110 581 lectum

113 615 224 671 suaque
242 615 330 657 manu
348 604 490 668 notatum,
509 604 646 669 tanquam
664 601 888 670 pretiosissimum
902 602 1112 656 lamentantem·

113 695 183 746 opus
201 677 232 733 in
253 676 475 747 exquisitissimo
495 675 613 734 Persico
640 676 744 734 scrinio
763 677 902 749 reposuit.
944 677 999 748 Qui
1020 675 1111 736 codex

112 767 151 810 an
170 757 274 824 postea
292 753 405 811 venerit
423 753 453 809 in
471 750 677 811 bibliothecam
697 752 937 824 Ptolemaeorum,
965 759 995 811 et
1015 768 1033 810 a
1054 769 1110 824 quo

113 827 222 888 Gritioo
246 827 391 887 adhibitus
417 829 457 887 sit
481 828 518 886 ad
546 828 768 901 emendandum,
798 830 1019 888 incertissimum
1050 835 1110 900 est3

111 902 260 963 adhibitus
281 906 355 963 enim
369 921 441 982 esse
460 904 553 963 videri
582 910 688 977 potest.
723 905 781 964 Sed
805 907 894 964 multo
915 904 1110 977 frequentiore

109 997 168 1038 usu
188 981 394 1054 interpretibus
414 982 486 1039 trita
504 983 666 1054 reperimus
688 981 816 1039 eiusdem
830 982 993 1055 philosophi
1006 978 1111 1059 Ἀπορή-

106 1076 190 1134 ματα
214 1073 266 1115 seu
291 1055 485 1135 Προβλήματα
509 1052 643 1135 Ὁμηρικά
669 1063 700 1116 ei
720 1055 890 1148 Ἀπορῄματα
909 1057 1048 1135 ποιητικά,
1075 1073 1111 1116 ex

110 1149 233 1204 quorum
253 1150 372 1207 operum
392 1135 498 1208 priore,
518 1135 641 1192 maxime
660 1136 690 1190 in
711 1134 831 1194 Schohis
844 1135 1007 1207 Porphyrii,
1026 1136 1112 1208 plura

109 1217 280 1283 supersunt,
306 1211 382 1270 unde
408 1227 465 1270 non
484 1209 648 1284 fragmenta
669 1210 784 1282 quidem
805 1217 835 1270 et
855 1213 918 1284 ipsa
938 1212 1027 1270 verba
1046 1212 1111 1268 Ari-

109 1287 241 1357 stotelis,
267 1287 319 1346 sed
345 1295 441 1347 tamen
462 1289 524 1346 eius
544 1289 686 1346 rationem
706 1288 916 1360 interpretandi
937 1304 1110 1360 cognoscere

108 1362 261 1432 licebit49).
300 1365 392 1424 Nobis
412 1381 496 1436 vero,
522 1365 552 1421 in
578 1365 701 1424 historia
725 1370 821 1423 textus
847 1366 1161 1439 uniceoecupatis,135

108 1440 269 1498 omittenda
288 1447 356 1499 sunt
374 1441 447 1500 haec
468 1448 497 1500 et
517 1441 630 1512 similia,
652 1458 739 1512 quum
759 1458 847 1499 unum
866 1441 921 1500 hoc
933 1443 1038 1501 iterum
1051 1460 1110 1501 mo·

107 1517 265 1588 nuerimus,
295 1517 372 1589 quod
391 1519 455 1590 ipse
475 1519 577 1575 titulus
598 1518 713 1575 illorum
732 1518 870 1577 librorum
889 1517 1019 1589 indicat,
1052 1520 1109 1577 iam

107 1598 177 1650 ante
205 1592 351 1652 conditum
374 1610 505 1651 museum
524 1593 754 1651 Alexandrinum
779 1591 966 1672 προβλήματα
986 1611 1008 1652 s.
1030 1593 1110 1672 ζητῇ-

105 1687 187 1744 ματα
207 1674 237 1728 et
257 1665 352 1734 λύσεις
371 1670 532 1729 oblectasse
554 1671 644 1729 otium
666 1670 823 1743 doctorum,
845 1688 881 1728 ex
900 1671 993 1740 iisque
1019 1673 1110 1730 curio-

108 1746 215 1805 siorem
235 1762 348 1805 omnem
367 1748 635 1823 interpretationem
655 1750 862 1807 sententiarum
882 1753 975 1808 ortum
990 1749 1109 1821 cepisse.

557 1958 657 2033 XLI.

184 2127 359 2187 Enumeravi
379 2134 444 2188 octo
465 2130 654 2202 exemplaria,
675 2145 797 2200 quorum
809 2145 913 2187 nomen
927 2128 1041 2187 celebre
1054 2128 1109 2186 fuit

105 2204 186 2278 apud
211 2205 420 2264 uetustissimos
447 2204 669 2265 Grammaticos.
716 2205 830 2277 Quippe
856 2207 885 2262 in
910 2205 965 2264 hoc
990 2221 1108 2264 numero

103 2279 271 2354 ponendum
290 2296 347 2340 non
366 2287 412 2340 est
431 2282 622 2355 Euripideum
645 2280 797 2353 quoddam,
819 2281 855 2339 de
876 2298 932 2352 quo
953 2298 1026 2340 unus
1047 2283 1110 2340 Sui-

104 2357 160 2416 das
189 2357 364 2417 mentionem
393 2356 464 2418 facit
499 2375 603 2432 parum
629 2358 850 2429 accuratamwt:
883 2360 1013 2430 quamvis
1038 2360 1110 2418 haec

175 2585 271 2665 4⁸)·De
288 2585 341 2641 hoe
358 2586 419 2642 vide
431 2588 491 2643 loca
502 2604 545 2657 ap.
558 2589 671 2655 Menag.
691 2587 726 2641 ad
737 2588 828 2641 Laert.
841 2589 889 2657 IX,
907 2593 949 2645 58.
970 2588 1108 2643 Callisthe-

63 2710 67 2717 ,
99 2667 152 2708 nes
171 2662 236 2707 satis
247 2660 336 2709 notus.

172 2738 209 2805 ⁴³)
226 2736 294 2792 Vide
317 2740 352 2795 ad
375 2740 404 2805 β.
423 2744 464 2795 53.
485 2745 705 2797 169.183.305.
735 2741 820 2795 Catal.
844 2745 900 2797 156.
926 2759 951 2808 γ.
970 2745 1029 2797 276.
1047 2744 1107 2796 277.

101 2806 128 2859 ὃ.
149 2807 189 2859 88.
209 2810 250 2861 93.
268 2809 327 2864 297.
346 2826 368 2859 ε.
388 2810 446 2863 741.
464 2809 521 2864 778.
541 2810 564 2869 ζ.
583 2813 644 2864 234.
664 2828 688 2879 q.
708 2812 749 2862 93.
767 2812 826 2863 228.
853 2829 869 2862 ι.
889 2811 928 2863 17.
946 2826 969 2863 κ.
988 2813 1032 2864 98.
1051 2814 1107 2863 153.

99 2876 165 2928 252.
185 2893 207 2926 ν.
225 2878 284 2930 295.
303 2895 330 2928 π.
348 2879 407 2930 233.
426 2894 450 2930 τ.
470 2881 527 2931 108.
547 2880 574 2942 ψ.
596 2881 656 2932 269.
677 2896 708 2928 ω.
731 2880 768 2930 15.
788 2879 846 2931 569.
877 2876 1022 2930 Praetereo
1040 2877 1108 2941 loca,

99 2940 151 2994 uhi
169 2941 270 3009 aliquid
288 2958 323 2996 ex
333 2943 449 3012 Politiis‚
473 2960 508 2997 ex
524 2945 594 2998 Hist.
622 2950 714 2997 natur.
732 2942 872 3012 laudatur,
900 2942 1006 3011 aliaque
1025 2951 1055 2998 ut
1074 2943 1108 2997 ad

100 3008 118 3061 λ
150 3013 206 3063 115.
218 3029 244 3063 π.
265 3015 330 3079 149,
349 3018 376 3064 et
394 3027 429 3064 cx
445 3011 597 3067 Rhetoricis
616 3012 704 3081 petita
722 3011 823 3065 illaad
841 3029 865 3066 α.
884 3015 942 3066 303.
963 3016 1021 3067 481.
1047 3012 1107 3066 Om-

98 3075 174 3155 nino·
190 3077 218 3131 in
240 3079 283 3133 his
308 3080 429 3133 omnibus
454 3096 599 3148 perparum
618 3079 767 3134 adiumenti
787 3078 880 3134 estad
898 3079 1044 3135 tollendam
1062 3080 1107 3134 ob·

100 3149 261 3199 scuntatem
284 3148 476 3202 sententiarum
501 3155 529 3201 et
553 3149 710 3216 verborum,
740 3148 791 3200 etsi
816 3148 944 3202 nonnulla
963 3152 1027 3202 satis
1045 3154 1107 3201 sunt

91 3212 243 3280 ingeniosa
261 3221 289 3268 et
305 3215 341 3269 ad
356 3215 496 3290 historiam
512 3216 747 3284 interpretationis
763 3215 850 3269 utilia.

173 3299 209 3362 ⁵⁰)
226 3299 317 3353 Etiam
341 3314 439 3368 genere
457 3299 591 3371 loquendi,
618 3302 647 3354 in
663 3300 715 3354 hac
734 3315 763 3354 re
781 3300 889 3353 minime
907 3301 1015 3364 usitato,
1035 3303 1064 3355 Τ.
1084 3304 1105 3358 l.

99 3382 130 3435 p.
148 3365 382 3437 906.;Ἐγραῴε
400 3365 449 3433 (Ed
472 3369 566 3440 ιπίδῂς,
587 3375 634 3424 τοῦ
653 3371 803 3438 προτέρου,
822 3369 940 3421 incertus
952 3384 1009 3422 sum
1022 3371 1105 3440 cuiue,

100 3434 274 3502 ἀδελφιδοῦς)
282 3434 424 3505 Ὁμηρικὴν
452 3437 557 3488 κδοσο·
571 3439 597 3491 εἰ
607 3439 645 3508 μὴ
660 3435 715 3506 ἄρα
728 3438 826 3507 ἑτέρου
838 3437 922 3491 ἐστίν,
938 3437 984 3507 [ef.
996 3438 1106 3495 Boeekh

101 3501 137 3556 de
155 3509 225 3571 trag.
245 3504 290 3558 Gr.
308 3519 335 3570 p.
353 3507 413 3558 226.
430 3507 489 3559 236.
496 3507 564 3576 sqq]

129 3598 222 3646 Wolf,
237 3599 408 3649 Prolsgomens.
939 3604 952 3642 8

325 3808 350 3853 S
