2482 3960
570 253 747 305 ...22-

161 399 321 471 exemplum
329 397 467 457 hahemus
481 399 633 471 integrum,
655 399 707 457 sed
721 399 858 472 proximis
872 416 898 458 e.
915 399 980 458 Chr.
994 407 1063 459 nato
1078 406 1158 459 aete·

160 475 236 532 tibus
261 473 356 534 denuo
380 476 560 546 recognitum
586 474 673 532 etad
693 475 837 534 variorum
859 476 1030 535 criticorum
1049 476 1159 535 iudicia

123 563 147 603 m
160 548 299 623 relictum,
320 556 466 624 postremo
485 551 566 609 noris
578 551 698 608 maculis
712 567 766 623 per
779 553 942 624 ingruentia
954 552 1081 611 barbara
1094 570 1158 612 sae

162 627 227 684 cula
246 626 429 699 adspersum:
455 642 549 686 nonne
568 643 604 684 ex
623 627 669 685 his
688 627 775 685 rebus
789 628 980 699 colligendum
995 635 1055 699 est,
1081 630 1159 701 quod

161 704 219 760 iam
239 703 306 762 olim
327 701 503 763 confidenter
521 702 625 776 diiii),
651 703 741 762 multo
766 704 852 762 aliam
871 704 1003 763 Lucretii
1028 706 1074 764 vel
1094 706 1159 764 Vir-

163 779 224 850 gilii
244 784 331 850 etque
344 780 463 838 Homeri
483 796 547 838 esse
566 780 784 851 iutegritatem?
803 779 850 838 De
863 780 977 839 diversa
990 787 1087 840 autem
1100 783 1159 854 pri-

161 871 274 913 scarum
293 856 406 914 illarum
421 860 451 915 et
463 855 722 914 Alexandrinarum
735 855 893 915 editionum
907 856 1070 916 conditione
1084 875 1160 916 nunc

163 931 192 988 id
212 948 299 990 unum
318 937 439 1003 tangere
453 931 568 1001 sufficit,
587 931 663 1004 quod
677 932 755 1005 apud
768 932 984 1006 Hippocratem,
997 933 1158 1006 Platonem,

162 1008 350 1067 Aristotelem
372 1013 402 1067 et
420 1010 492 1068 alios
512 1009 597 1067 istius
617 1010 723 1068 aetatis
743 1009 899 1082 scriptores
918 1026 975 1069 non
995 1011 1086 1071 solum
1101 1011 1158 1068 sin-

163 1085 295 1156 gulorum
314 1085 466 1144 verborum
485 1086 651 1158 varietates,
671 1085 723 1144 sed
743 1086 830 1144 etiam
842 1087 941 1158 plures
955 1088 1082 1159 insignes
1096 1103 1160 1144 ver·

163 1178 212 1218 sus
231 1161 363 1233 legimus,
384 1177 504 1231 quorum
523 1177 577 1218 nec
596 1162 626 1218 in
645 1167 728 1219 textu
747 1169 855 1235 nostro,
880 1179 933 1221 nec
953 1164 982 1220 in
1001 1162 1157 1221 Eustathio

163 1237 379 1308 veterrimisque
390 1243 421 1295 et
430 1237 602 1296 doctissimis
613 1237 735 1296 Scholiis
745 1237 835 1296 ullum
844 1239 981 1297 indicium
991 1239 1160 1311 superem).

231 1395 254 1460 ⁶)
271 1391 316 1446 Ad
333 1388 447 1445 Hesiodi
464 1388 566 1457 Theog.
584 1404 611 1456 p.
629 1388 671 1443 st.

232 1478 254 1546 ⁷)
272 1476 304 1530 ln
322 1474 389 1530 libro
407 1475 472 1544 rapi
490 1471 615 1543 upupae,
632 1473 679 1540 qui
696 1473 747 1527 nisi
758 1473 940 1542 Hippocratis,
958 1474 1159 1542 Hippocrateae

164 1551 236 1599 certe
263 1550 310 1597 ant
337 1542 476 1610 proximae
493 1541 591 1596 aetatis
609 1548 665 1609 est,
692 1541 835 1610 attingitur
851 1541 882 1595 T.
901 1546 921 1595 l.
939 1558 965 1610 p.
984 1544 1044 1598 785.
1080 1541 1159 1595 Fcis.

163 1612 268 1681 longior
284 1613 364 1681 ῥῆσις
380 1609 491 1665 Homeri
508 1609 542 1664 de
558 1608 661 1677 bubus,
685 1624 739 1664 uno
782 1609 850 1664 osito
874 1612 926 1665 hoc
944 1625 1036 1664 versu:
1067 1607 1116 1669 Ὣς
1135 1610 1158 1661 δ’

165 1680 236 1734 ὁπότ’
266 1679 400 1732 ἀσπάσιον
430 1677 463 1730 ἔα
529 1677 596 1730 luds
625 1676 721 1743 βουσὶν
752 1625 842 1735 grissa
879 1676 961 1730 Cuius
984 1676 1051 1730 nihil
1074 1676 1161 1730 simile

164 1747 245 1803 hodie
267 1762 379 1815 usquam
401 1697 481 1826 apudj
496 1744 571 1799 ilum
588 1744 709 1814 legimus.
745 1743 842 1798 Notior
858 1759 902 1797 res
920 1750 961 1797 est
978 1743 1012 1798 de
1029 1743 1160 1812 versibus,

165 1830 232 1884 quos
254 1814 332 1869 Plato
356 1819 384 1867 et
405 1812 565 1868 Aristoteles
587 1827 622 1866 ex
639 1811 757 1866 Homero
775 1825 823 1864 suo
841 1809 966 1880 laudant,
990 1827 1044 1864 non
1061 1816 1161 1865 nostro.

164 1885 200 1939 ln‘
214 1883 248 1936 iis
265 1882 333 1938 adeo
351 1887 421 1950 sunt,
440 1880 537 1952 quihus
548 1894 625 1934 nemo
637 1894 709 1933 nunc
720 1883 814 1947 aptum
825 1877 913 1933 locum
925 1879 1080 1934 coniectura
1089 1893 1162 1932 asse·

166 1956 272 2020 quatur.
306 1951 345 2004 At
367 1948 420 2004 illis
437 1953 570 2019 quatuor,
584 1959 610 2000 'a
625 1947 739 2007 Platone
757 1944 845 2000 Alcib.
862 1946 898 1999 11.
917 1947 1014 2014 allatis,
1032 1946 1061 2000 in
1078 1947 1113 2000 ΙΙ.
1132 1949 1160 1999 d.

166 2025 234 2073 extr.
253 2033 328 2073 snam
346 2017 436 2072 sedem
453 2017 597 2081 inventam,
618 2029 706 2083 neque
723 2028 758 2068 ex
775 2013 856 2068 variis
873 2014 938 2068 locis
956 2014 1083 2069 collectos
1094 2029 1161 2078 esse,

166 2103 215 2156 pro
234 2087 374 2156 explorato
392 2084 487 2139 habeo.
505 2083 595 2152 Quare
612 2098 659 2138 eos
676 2082 713 2137 ihi
722 2082 831 2146 inserui,
849 2088 1001 2137 nontamen
1011 2083 1068 2136 sine
1078 2083 1161 2150 uncis,

166 2149 1162 2277 surrecturuslimuillttsssnuisn

167 2265 214 2360 qui
230 2264 440 2367 ascriptoribus
457 2287 568 2342 Graecis
579 2287 679 2355 passim
690 2287 808 2342 Homero
819 2286 982 2355 tribuuntur,
1000 2286 1101 2339 nullum
1115 2257 1162 2352 ap·’

167 2363 246 2436 paret
263 2355 405 2423 vestrgium
422 2355 451 2408 in
462 2354 574 2409 scholiis
591 2355 697 2433 nostris.
720 2355 764 2433 nt,
775 2352 843 2407 haec
855 2354 966 2433 ,omnino
984 2354 1064 2408 huius
1082 2367 1162 2473 gene-

167 2422 437 2552 llsttltltltl
459 2421 615 2568 tillidi
625 2420 734 2568 libili
745 2422 1175 2566 ,ildillrnllbntblt

167 2560 227 2614 Hoc
244 2563 373 2627 reputans
400 2562 569 2637 quantumvis
580 2556 654 2611 rudis
667 2571 695 2609 rn
706 2555 820 2611 bistone
829 2561 928 2624 textus,
947 2557 992 2610 rix
1005 2558 1162 2626 suspicetur,

168 2627 322 2681 memoriam
340 2597 457 2679 feiehsse
476 2639 522 2679 eos
540 2639 632 2678 omnes
688 2623 717 2678 ui
734 2623 802 2679 tales
818 2639 912 2679 versus
928 2625 1040 2679 Homeri
1057 2624 1163 2679 nomine

168 2694 317 2760 laudarent,
335 2700 383 2773 sut
399 2693 468 2773 male
485 2707 503 2745 a
518 2691 597 2771 nobis
614 2663 648 2746 ad
666 2640 753 2770 flioda
769 2698 798 2744 et
809 2690 955 2760 Odysseam
972 2693 1076 2759 referri,
1095 2706 1164 2759 quae

168 2764 259 2818 forsan
276 2761 339 2815 olim
356 2777 385 2814 1n
402 2761 462 2815 ahrs
478 2760 542 2814 hurc
578 2765 657 2814 ottae
674 2759 782 2814 tributis
800 2761 925 2828 operibus
942 2760 1103 2827 legerentur.
1121 2759 1165 2812 Ita

168 2829 312 2885 Barnesius
329 2828 525 2883 hemistichium
542 2775 642 2882 ilfuda
663 2869 669 2880 .
686 2827 846 2882 Aeschinem
865 2828 892 2880 in
910 2827 1043 2882 Timaroh.
1061 2843 1087 2894 p.
1108 2831 1165 2879 141.

155 2898 260 2953 ¹Iteislr.
291 2893 372 2968 Φήμη
395 2898 419 2950 δ’
444 2897 473 2956 ἐς
495 2896 616 2966 στρατὸν
638 2843 847 2974 gide,·temere
865 2911 901 2949 an
918 2894 1076 2962 divinando,
1095 2894 1165 2947 The·

168 2964 242 3020 baidi
260 2963 400 3034 adscribit,
424 2964 475 3018 etsi
496 2963 525 3018 id
547 2962 646 3017 diserte
670 2962 785 3016 traditur
806 2962 834 3015 in
858 2964 964 3017 Homeri
988 2963 1073 3016 Iliade
1098 2976 1165 3029 esse,

169 3039 250 3102 atque
273 3031 341 3086 adeo
364 3050 439 3098 coepe
463 3032 590 3099 repotiis
608 3031 701 3083 Iliade.
736 3029 796 3098 Ego
815 3030 958 3153 aliguando
976 3030 1088 3085 Iliadem
1105 3045 1165 3098 par·

167 3116 228 3154 ram
246 3098 391 3169 significari
408 3098 544 3169 putabam.
562 3098 666 3167 Nempe
684 3097 712 3152 in
729 3103 826 3153 neutro
866 3099 967 3153 armine
985 3104 1076 3154 nostro
1095 3113 1166 3152 nunc

168 3169 230 3223 talis
246 3181 340 3222 versus
357 3183 469 3236 usquam
491 3172 540 3221 eut
563 3166 696 3220 sententis
720 3172 769 3220 est
804 3165 862 3221 Nec
879 3182 944 3222 vero
961 3166 1106 3235 quidquam
1124 3172 1166 3218 est

168 3237 197 3290 in
212 3235 302 3290 verbis
319 3234 448 3303 Oratoris,
466 3233 539 3304 quod
557 3233 645 3288 lehem
662 3233 791 3289 redoleat.
809 3233 878 3289 Nam
896 3235 1026 3289 tentanda
1037 3241 1100 3288 sunt
1112 3249 1165 3287 orn·

168 3304 222 3372 nia,
239 3319 273 3358 ne
290 3309 339 3357 aut
356 3303 517 3357 Aeschinem
541 3308 597 3357 tam
614 3300 770 3356 obliviosum
789 3303 833 3356 vel
849 3303 1001 3358 litterarum
1018 3307 1166 3370 expertem,

169 3377 217 3425 aut
234 3377 335 3426 tentam
352 3371 528 3425 mutationem
544 3369 688 3424 multorum
705 3370 824 3424 locorum
836 3371 864 3424 iu
873 3371 990 3425 Homero
1002 3369 1102 3424 factam
1111 3383 1166 3422 cre-

172 3438 273 3493 damus.
292 3437 345 3494 Sed
363 3439 435 3508 quod
451 3437 613 3492 hemistichii
628 3426 700 3491 illius
716 3453 795 3493 nemo
805 3446 926 3493 veterum
937 3439 1026 3506 Intpp.
1039 3436 1166 3503 meminit,
