2482 3960
401 198 417 226 Ι

557 231 734 284 ..10-

144 377 260 449 stantia,
288 380 349 437 sine
369 377 472 449 quibus
492 374 646 434 multarum
666 377 821 438 lectionum
843 382 872 435 et
891 394 1024 436 versuum
1045 384 1146 440 aucto·

143 454 215 510 ritas
240 454 322 514 nobis
356 467 474 527 prorsus
502 451 680 523 incomperta
711 461 798 512 esset.
844 455 947 525 Neque
976 454 1031 513 hoc
1061 455 1145 514 nobis

113 552 119 566 ·
144 529 212 586 solis
233 529 387 604 dolendum
408 535 487 597 erat,
514 527 563 599 qui
582 527 612 584 in
631 528 676 587 his
698 531 801 589 studiis
822 536 881 590 tam
901 546 966 589 sero
987 546 1144 590 versamur.

143 606 217 664 Nam
232 607 319 666 etiam
332 606 528 676 Eustathium,
543 620 627 675 quem
643 604 748 664 deinde
761 607 866 665 iterum
880 607 1055 678 tertiumque
1070 624 1145 666 oom-

143 682 251 753 paravi,
277 700 364 755 quum
388 681 580 753 antiquissimi
604 680 711 740 codicis
738 682 810 740 Ven.
839 682 1014 742 coccum.
1041 683 1146 743 notitia

144 759 296 831 caruisset,
321 760 379 817 ista
404 759 434 815 in
459 773 491 815 re
519 757 638 828 cognovi
663 758 741 816 haud
765 760 856 818 multo
881 760 1000 817 meliore
1028 758 1146 819 fortuna

106 859 130 896 m
143 851 239 906 usum,
260 853 345 907 qnam
370 834 498 906 quemvis
518 834 711 891 recentiorum
732 835 874 894 editorum
894 851 958 893 cnm
978 837 1145 907 proletariis

143 911 288 969 codicibus
315 905 383 970 suis.
422 911 462 968 At
481 910 544 981 ille,
571 910 619 981 qui
640 911 669 968 in
689 911 816 970 Homero
837 911 908 970 nihil
928 918 1047 984 praeter
1082 914 1145 986 puta

143 987 240 1044 chrum
260 994 377 1060 poetam
395 986 563 1058 mirabatur,
584 987 743 1060 priscorum
763 988 825 1046 eius
845 987 971 1047 fatorum
983 990 1077 1046 minus
1093 1005 1143 1047 ou·

142 1064 245 1136 riosus‚
267 1071 296 1123 et
315 1065 473 1122 rhetoricos
494 1063 590 1135 potius
611 1079 696 1134 quam
715 1064 830 1123 criticos
851 1066 1024 1136 interpretes
1046 1071 1142 1124 secta·

142 1146 198 1211 tus,
218 1141 332 1199 omnino
352 1140 388 1199 ab
408 1141 464 1197 hac
483 1145 568 1211 parte
587 1156 644 1198 non
664 1145 783 1212 tantam,
805 1147 913 1212 quanta
926 1141 1012 1212 vulgo
1027 1139 1144 1211 fruitur,

142 1215 257 1348 ilaudem
281 1216 398 1287 meruit,
424 1216 575 1288 plurimam
600 1215 688 1273 debet
713 1217 843 1276 iacturae
869 1217 1029 1276 doctiorum
1056 1217 1144 1278 Scho-

167 1308 256 1350 orum.

200 1367 350 1426 Postremo
375 1367 462 1425 retuli
486 1383 532 1425 me
553 1366 591 1425 ad
611 1368 854 1440 cognoscendum,
885 1369 1026 1440 quidquid
1051 1369 1145 1428 bonae

142 1442 234 1515 frugis
255 1444 373 1501 allatum
395 1449 472 1503 esset
492 1460 528 1501 ex
547 1460 633 1502 manu
653 1445 767 1516 scriptis
790 1446 1010 1518 exemplaribus,
1035 1462 1145 1503 curam·

144 1536 199 1591 que
219 1519 456 1578 conferendarum
476 1520 633 1592 primarum
654 1520 825 1593 editionum,
850 1523 1011 1581 institutam
1032 1522 1068 1580 ab
1089 1522 1144 1579 Er·

142 1597 245 1668 nestio,
266 1612 357 1668 nsque
377 1595 415 1654 ad
435 1596 659 1669 Stephanionem
678 1603 848 1669 persecutus
866 1615 946 1669 ⁵sum3
975 1599 1061 1669 longe
1082 1598 1144 1669 qui-

143 1673 209 1730 dem
229 1674 337 1732 minore
357 1671 452 1732 fructu
479 1690 564 1744 qnam
590 1673 699 1732 labore.
739 1673 854 1731 Paucae
882 1674 956 1731 enim
981 1675 1025 1730 his
1056 1673 1143 1731 editis

142 1749 223 1807 libris
243 1750 379 1822 propriae
400 1755 467 1807 sunt
485 1751 638 1819 lectiones3
658 1755 689 1806 et
709 1765 783 1820 quae
803 1750 833 1806 in
854 1765 887 1807 eo
907 1765 1026 1806 numero
1046 1748 1141 1806 bonae

143 1830 210 1884 sunt
229 1833 260 1883 et
278 1831 360 1884 textu
380 1826 498 1898 dignae,
526 1841 625 1884 earum
645 1824 739 1896 quoad
759 1823 852 1882 fontes
878 1825 1059 1896 ignoramus,
1086 1840 1143 1882 non

142 1903 185 1960 ita
215 1903 310 1973 gravis
336 1903 494 1961 auctoritas
524 1917 588 1960 esse
619 1905 728 1972 potest;
759 1916 845 1971 quum
871 1899 984 1958 codices
1015 1900 1142 1972 quidam,

143 1979 300 2051 praecipue
319 1978 447 2037 Venetus
466 1979 531 2050 ille,
550 1982 670 2050 propter
690 1976 855 2036 testimonia
876 1976 1055 2036 Scholiornm
1081 1978 1142 2049 ple·

142 2071 264 2126 rumque
283 2055 371 2113 etiam
390 2055 430 2114 ibi
449 2058 614 2112 mereantur
632 2051 733 2125 fidem,
754 2052 803 2111 ubi
823 2058 985 2112 ceterorum
1003 2053 1143 2111 librorum

144 2147 299 2190 consensus
319 2148 376 2190 non
401 2130 522 2190 accedit.
564 2131 627 2202 Qua
651 2131 681 2188 in
706 2146 738 2188 re
763 2145 851 2202 saepe
877 2129 947 2188 mihi
973 2145 1027 2186 usu
1056 2129 1143 2200 venit,

145 2213 178 2265 ut
206 2208 292 2279 longo
322 2208 443 2266 circuitu
473 2208 653 2279 pervenirem
683 2206 721 2265 ad
752 2222 801 2264 aas
832 2205 1039 2276 correctiones,
1071 2221 1143 2275 quas

146 2284 242 2339 eximii
261 2283 329 2340 libri
348 2285 458 2354 primus
479 2283 636 2355 adspectus
653 2281 761 2340 frustra
782 2282 934 2340 obtulerat.
974 2282 1048 2339 Nam
1069 2296 1144 2351 quae

144 2374 250 2429 magna
276 2363 321 2417 est
344 2359 429 2416 huius
456 2360 513 2415 mei
539 2375 573 2416 ac
593 2358 696 2415 Veneti
722 2363 817 2415 tentus
841 2357 1054 2428 convenientia,
1080 2372 1143 2413 eam

147 2439 250 2507 sponte
270 2440 367 2492 natam
387 2433 485 2505 habui,
506 2450 562 2493 non
582 2433 719 2505 quaesivi.
761 2433 902 2503 Quoniam
923 2433 998 2490 enim
1018 2449 1064 2491 me
1079 2449 1144 2490 con·

144 2516 255 2568 stanter
275 2509 313 2568 ad
332 2509 417 2567 fidem
437 2515 563 2568 testatae
583 2510 763 2580 antiquitatis
784 2511 975 2581 contuleram,
1002 2509 1073 2566 nihil
1093 2509 1143 2566 tri-

144 2587 234 2644 buens
262 2587 374 2659 vulgari
393 2587 514 2658 levitati,
535 2601 609 2658 quae
629 2585 697 2643 dum
722 2585 883 2656 scripturae
908 2587 1060 2644 veritatem
1088 2586 1143 2642 eie·

145 2663 244 2734 gantia
263 2664 309 2720 vel
329 2663 416 2720 simili
435 2663 531 2734 specie
551 2662 678 2732 metitur,
698 2677 772 2720 nova
793 2668 823 2720 et
842 2663 961 2733 antiqua
980 2661 1044 2721 iere
1064 2662 1142 2720 nulio

145 2739 309 2796 discrimine
328 2739 444 2810 arripit3
465 2739 551 2797 ctiam
571 2738 715 2811 principes
736 2737 877 2797 editiones
897 2754 1035 2811 perraro,
1057 2743 1087 2795 et
1106 2752 1143 2794 ne

107 2837 131 2875 m
145 2815 288 2874 Venatum
308 2814 423 2886 quidem
444 2815 571 2874 codicem
591 2829 684 2885 neque
697 2815 882 2873 Eustathinm
895 2815 950 2872 nisi
965 2815 1001 2872 de
1015 2811 1142 2873 fontibus

145 2892 204 2949 suis
236 2898 399 2963 monentes,
425 2891 584 2950 audiendos
611 2906 674 2948 esse
699 2890 776 2948 duxi.
824 2891 927 2962 Itaque
954 2891 1033 2948 siin
1058 2890 1144 2948 huius

144 2967 339 3026 verbosissimi
358 2968 481 3026 hominis
502 2967 692 3027 voluminibus
712 2967 784 3025 nihil
803 2967 883 3024 aliud
897 2982 982 3038 quam
997 2966 1143 3024 variantes

144 3043 282 3101 lectiones
303 3043 493 3115 quaesissem,
514 3060 609 3115 quum¹
621 3059 657 3100 ex
676 3043 720 3114 iis,
741 3059 815 3114 quae
834 3043 891 3115 ipsi
910 3043 1046 3116 propriae
1068 3047 1142 3112 sunt,

145 3120 332 3192 paucissimas
352 3121 521 3192 receperim,
540 3119 657 3177 minima
673 3135 741 3191 pars
756 3119 963 3178 emendationis
976 3134 1059 3176 meae
1073 3116 1145 3176 mihi

145 3196 267 3256 maximo
288 3196 385 3256 taedio
408 3203 437 3254 et
457 3196 608 3270 dispendio
628 3195 765 3269 temporis
785 3195 955 3254 redimenda
974 3200 1046 3254 erat.
