2482 3960
510 281 688 334 ..95-

98 432 211 490 diserte
230 430 405 490 mentionem
432 427 503 487 facit
522 427 666 484 Pisistrati
683 430 832 484 amicorum
852 437 876 483 et
895 430 1050 483 adiutorem
1069 429 1098 482 ia

97 511 191 564 Iliade
210 510 307 562 litteris
326 504 539 575 mamaeam„
565 511 598 563 ut
621 505 699 562 clare
719 511 873 578 appareat,
897 521 959 562 rem
979 505 1098 563 anobis

98 589 270 643 renovatam
281 583 444 642 Pausaniae
457 587 555 640 aetate
568 581 692 683 nonduin
705 582 791 655 plane
804 581 986 640 obscuratam
999 579 1096 640 fuisse.

513 791 676 867 XXXV.

93 994 96 1001 ι
151 994 156 1001 »
176 963 260 1021 Haec
279 978 365 1034 quum
384 963 427 1020 ita
447 962 512 1035 sint,
533 963 586 1021 sub
606 964 727 1036 imperio
746 963 997 1022 Pisistratidarum
1011 963 1100 1022 Grae·
1113 979 1150 1018 aa

102 1041 149 1098 cia
178 1040 300 1113 primum
329 1045 430 1098 vetera
464 1039 597 1097 Carmina
622 1045 719 1097 vatum
745 1041 886 1097 mansuris
909 1041 1100 1099 monumentis

101 1116 266 1188 consignari
285 1115 369 1174 vidit.
402 1115 559 1186 Talemque
579 1121 705 1173 aetatem
726 1115 778 1174 sub
798 1117 972 1174 incunabula
990 1117 1101 1174 littera-

100 1209 166 1250 rum
185 1199 215 1250 et
233 1193 351 1251 maioris
372 1193 465 1250 cultus
486 1192 576 1249 civilis
597 1193 674 1265 apud
695 1209 726 1251 se
746 1192 879 1250 viderunt
898 1194 996 1266 plures
1009 1194 1101 1251 natio·

101 1285 164 1340 nes,
185 1284 305 1340 quarum
326 1269 503 1340 comparatio
524 1274 659 1326 accurate
679 1270 812 1328 instituta
831 1270 875 1342 iis,
896 1285 971 1341 quae
984 1270 1031 1327 bic
1045 1269 1102 1327 dis·

102 1350 246 1418 putamus,
266 1345 389 1402 multum
410 1345 482 1402 lucis
503 1345 606 1402 afferre
626 1348 726 1418 possit.
759 1347 843 1419 Nam,
862 1351 896 1404 ut
915 1347 987 1404 duas
1008 1346 1103 1404 obiter

102 1430 234 1493 tangam,
261 1428 291 1479 et
317 1422 395 1486 inter
423 1437 455 1478 se
480 1425 510 1478 et
535 1421 655 1479 Graecis
682 1424 758 1481 omni
784 1429 867 1495 parte
888 1423 1101 1494 dissimillimas,

102 1503 218 1556 constat
243 1498 319 1555 inter
345 1497 460 1569 doctos,
485 1498 514 1553 in
535 1497 690 1556 Germania
709 1504 824 1568 nostra,
849 1516 923 1570 quae
944 1500 1103 1558 domestica

102 1574 181 1632 bella
200 1579 230 1631 et
251 1574 416 1646 principum
437 1573 599 1644 ducumque
619 1592 734 1633 suorum
754 1580 838 1646 gesta
857 1577 914 1633 iam
934 1582 1000 1632 ante
1020 1575 1103 1632 Taci-

102 1657 165 1711 tum
186 1649 372 1708 Carminibus
397 1650 604 1722 celebraverat,
623 1651 676 1708 has
696 1652 838 1724 primitias
858 1652 938 1709 rudis
957 1652 1065 1722 ingenii
1085 1667 1103 1707 a

103 1726 208 1786 Carolo
228 1727 270 1784 M.
292 1727 412 1784 tandem
433 1727 567 1786 collectas
589 1743 652 1784 esse
674 1734 704 1785 et
723 1728 804 1785 libris
830 1727 996 1798 mandatam
1021 1728 1103 1784 item·

106 1820 163 1874 que
183 1803 299 1862 Arabes
314 1819 371 1860 non
391 1809 458 1860 ante
478 1803 540 1860 VII.
562 1819 636 1860 saec.
662 1805 836 1863 inconditam
856 1805 957 1877 poesin
976 1805 1104 1877 priorum

104 1884 235 1938 aetatum
259 1880 398 1937 memoria
418 1886 607 1952 propagatam
628 1881 843 1941 collectionibus
864 1884 1008 1951 (Dinonis)
1030 1896 1104 1937 com-

101 1956 283 2029 prehendere
296 1956 435 2029 coepisse,
449 1957 599 2027 ipsumque
611 1956 753 2016 Coranum
766 1958 935 2014 diversitate
946 1958 1103 2028 primorum

102 2039 234 2090 textuum
262 2032 386 2090 similem
405 2033 532 2091 Homero
557 2031 700 2090 fortunam
725 2032 819 2090 fateri.
859 2034 983 2089 Praeter
1001 2033 1053 2090 hos
1075 2038 1104 2087 et

103 2109 177 2167 alios
198 2110 320 2181 populos
344 2109 529 2181 comparandi
550 2115 634 2166 erunt
646 2109 784 2181 Hebraei,
805 2107 882 2181 apud
903 2124 973 2178 quos
993 2108 1103 2164 littera-

103 2202 169 2242 rum
189 2191 219 2242 et
238 2185 453 2244 scribendorum
473 2185 611 2243 librorum
624 2202 693 2242 usus
704 2186 773 2242 mibi
786 2185 902 2256 quidem
915 2183 993 2241 haud
1006 2184 1102 2256 paullo

103 2262 251 2319 recentior
269 2261 400 2331 videtur,
426 2278 511 2332 quam
531 2261 616 2330 vulgo
637 2267 771 2332 putatur,
798 2268 828 2318 et
847 2261 940 2317 minus
960 2259 1033 2317 adeo
1055 2275 1103 2330 ge-

103 2338 225 2394 nuinum
244 2353 348 2410 corpus
369 2339 551 2410 scriptorum,
570 2337 742 2408 praesertim
762 2337 963 2408 antiquiorum.
998 2335 1055 2394 Sed
1067 2335 1103 2392 de

104 2415 150 2472 bis
176 2420 207 2471 et
225 2413 359 2472 Arabicis
386 2415 442 2471 illis
464 2413 678 2472 collectionibus
706 2413 831 2471 viderint
850 2413 979 2471 homines
1001 2413 1108 2470 eruditi

104 2491 211 2548 litteris
232 2490 369 2548 Orientis.

191 2566 239 2624 Ad
268 2566 396 2626 Graecos
425 2567 603 2624 revertimur.
648 2566 704 2637 Qui
737 2572 925 2640 posteaquam
950 2566 1107 2624 Homerum

105 2659 189 2701 suum
208 2644 396 2716 collegerant,
415 2660 554 2716 perquam
567 2642 722 2700 verisimile
736 2649 789 2715 est,
810 2659 859 2702 eos
874 2643 995 2700 eandem
1009 2659 1108 2699 curam

108 2719 208 2777 statim
228 2720 266 2777 ad
285 2721 404 2791 reliqua
424 2721 637 2793 praestantiora
658 2719 793 2777 Carmina
812 2720 945 2792 supparis
966 2720 1030 2777 aevi
1050 2725 1109 2775 tra-

109 2795 235 2854 duxisse.
278 2796 345 2867 Qua
365 2797 394 2853 in
413 2813 447 2854 re
467 2797 599 2868 equidem
619 2796 712 2853 minus
725 2797 814 2853 miror
828 2795 971 2852 silentium
985 2795 1109 2864 antiqui·
1122 2812 1159 2850 um

107 2872 188 2930 tatis.
226 2872 302 2930 Nam
323 2874 413 2930 semel
433 2874 581 2946 proposito
603 2872 733 2944 exemplo
753 2887 843 2942 opera
862 2872 920 2927 ista
938 2886 996 2928 non
1014 2871 1109 2941 potuit

109 2947 265 3006 admodum
292 2947 416 3006 difficilis
444 2965 521 3019 esse3
554 2963 648 3020 neque
675 2949 704 3004 in
725 2948 782 3007 alio
812 2948 870 3004 ullo
898 2946 1030 3004 Carmine
1050 2952 1110 3003 tam

110 3022 297 3083 artificiosam
318 3030 492 3084 structuram
513 3026 672 3096 quaesitam
692 3023 831 3082 videmus.
870 3023 971 3094 ltaque
991 3039 1045 3080 nec
1065 3038 1110 3079 ce-

110 3101 183 3159 teris
203 3102 333 3172 reliquiis
353 3103 514 3161 Homericis
529 3117 581 3158 nec
594 3101 758 3159 Hesiodicis
773 3098 933 3171 defuerunt,
954 3105 987 3159 ut
1000 3099 1109 3171 opinor,

110 3175 342 3248 διασκευασταί,
368 3181 416 3250 qui
436 3179 595 3251 singulares
615 3176 786 3250 rhapsodias
807 3182 1023 3246 connecterent,
1050 3176 1110 3231 sive

113 3269 173 3326 aas,
195 3269 270 3325 quae
292 3255 329 3313 ab
349 3255 420 3329 ipsis
440 3254 604 3313 auctoribus
619 3253 656 3312 ad
669 3253 789 3312 eandem
802 3252 922 3313 formam
936 3252 1110 3324 compositae

178 3417 213 3481 18)
225 3413 258 3469 ”ll
274 3416 356 3468 αὐτὸν
376 3414 586 3487 Πεισίστρατον,
612 3416 629 3484 ἢ
650 3410 719 3466 ΤθΝ
737 3407 816 3502 ΤΙΝΛ
834 3408 1003 3478 ΕΤΑΙΡΩΝ,
1025 3431 1109 3477 μετα-

111 3487 223 3552 ποιῆσαι
242 3484 274 3535 τὸ
291 3485 378 3547 ὄνομα
394 3485 444 3536 ὑπὸ
462 3485 577 3552 ἀγνοίας.
