2482 3960
481 258 482 264 ‘
548 285 727 341 —au-

138 436 200 490 tota
228 436 324 490 mente
350 432 432 503 quasi
462 448 526 490 cum
553 431 609 490 illis
638 433 735 491 vivere
761 431 918 504 cogant⁵⁵t
966 433 1029 505 Qua
1050 449 1144 494 exre

139 508 227 565 etiam
246 507 318 566 talia
338 508 480 579 quaedam
500 515 657 566 manarunt
677 509 809 568 solennia
829 509 906 582 apud
926 515 1036 582 poetas,
1063 527 1143 583 quae

138 589 202 642 orta
221 583 344 655 primum
365 600 381 642 e
402 590 482 643 certa
494 587 672 655 paaucaoaa
688 590 793 657 vatum,
813 602 889 643 nunc
902 591 1015 645 sacrata
1029 606 1142 644 111111-

98 662 227 715 tetradiae
246 675 277 717 se
297 665 423 719 tuentur.
441 661 502 727 ·Ita
527 660 673 732 hodieque
700 662 861 733 longiorum
882 661 1045 721 danninum
1072 680 1141 722 con·
1200 707 1204 719 ,

137 736 244 796 ditores
259 737 391 806 eundem,
404 752 488 809 quem
501 737 590 809 prisci
603 737 647 794 illi
661 737 829 810 credebant,
844 735 973 797 afflatum
985 739 1141 800 Musarum

137 817 167 869 11
185 811 329 885 Apollinis
350 814 559 885 emendantur,
587 819 617 872 et
638 814 675 873 ab
696 814 731 872 iis
753 815 931 888 numinibus,
959 831 1033 887 quae
1053 831 1142 878 nemo

137 904 201 946 esse
222 888 324 963 credit,
343 889 443 950 doctos
464 906 495 948 se
516 893 589 946 adara
609 900 729 963 111111,
751 908 807 949 non
827 891 950 951 humano
970 907 1049 952 more
1063 895 1143 965 loqui

136 965 181 1022 vel
200 967 313 1022 11111111
333 967 479 1025 simulant:
502 983 538 1025 ex
557 983 614 1039 quo
636 968 694 1026 iam
715 968 736 1025 ii
757 983 870 1039 quoque
891 978 999 1039 111111,
1029 969 1080 1040 qui
1100 985 1140 1030 ne

131 1044 314 1112 pronunciare
333 1043 449 1115 quidem
468 1050 548 1102 11111
568 1049 699 1118 possunt,
721 1049 808 1117 atque
829 1047 965 1101 auditores
984 1045 1039 1103 sibi
1060 1043 1139 1104 futu-

134 1135 183 1176 ros
203 1125 322 1191 sperant
341 1136 483 1195 versuum,
504 1120 553 1193 qui
573 1137 779 1192 nonnunquam
799 1121 853 1180 soli
872 1122 1052 1194 typographo
1067 1125 1140 1178 1111·-

135 1198 242 1266 buaarr,
269 1202 298 1254 et
322 1196 359 1254 ab
386 1197 436 1256 illo
462 1197 604 1256 duntaxat
630 1197 797 1269 syllabatim
817 1202 946 1268 11111111.
987 1197 1045 1256 Sed
1064 1198 1141 1258 haec

136 1278 166 1329 11
184 1271 273 1330 multo
293 1273 387 1344 plura,
408 1272 511 1344 quibus
533 1279 654 1332 nostrae
676 1274 808 1345 poeticae
828 1273 903 1332 ratio
924 1279 953 1332 et
973 1274 1140 1333 111111111-

134 1347 216 1419 tique
236 1345 334 1424 γνησιό
370 1369 396 1404 τι
415 1347 520 1420 differt,
541 1349 579 1407 ab
600 1350 667 1408 aliis
689 1350 835 1423 magistris
849 1350 1047 1422 cognoscenda
1061 1357 1139 1411 sunt

136 1423 281 1496 Spemant
298 1425 355 1483 lice
375 1425 470 1484 ithae
490 1426 622 1498 argutias
645 1432 774 1499 nostras,
800 1427 960 1498 quicunque
980 1427 1140 1487 Homerum

134 1499 264 1560 iudicare
283 1507 430 1573 nequeunt
455 1501 511 1558 nisi
533 1518 568 1560 ex
589 1503 699 1561 nostris
719 1503 851 1575 ingeniis,
877 1503 962 1562 modo
981 1501 1139 1577 fateantur,

135 1576 257 1636 diversis
278 1579 429 1637 sententiis
449 1577 582 1638 addictos
604 1595 658 1638 nos
680 1595 737 1638 non
756 1579 921 1638 temeritate
941 1577 1007 1638 duci
1027 1579 1066 1638 ad
1086 1581 1140 1639 ali-

135 1661 182 1712 ter
200 1654 393 1713 iudicandum.

211 1731 273 1790 Nec
293 1746 361 1790 vero
381 1731 553 1804 nobisipsis
574 1731 713 1790 credibile
735 1736 821 1805 esset,
843 1731 976 1791 Carmina
990 1750 1008 1791 a
1022 1733 1139 1792 vatibus

136 1810 166 1863 et
184 1807 350 1866 memoriter
369 1809 528 1881 composita
553 1813 583 1866 11
610 1807 695 1866 unius
715 1809 871 1867 memoriae
890 1810 1049 1869 ministerio
1068 1827 1138 1884 pro·

134 1887 243 1955 pagata
263 1898 336 1955 esse,
357 1885 506 1954 (nonnulla
520 1885 595 1942 enim
609 1901 666 1943 non
689 1889 756 1942 sunt
777 1885 938 1959 credibilia,
959 1902 1033 1958 quae
1045 1886 1138 1946 histo-

133 1958 179 2016 ria
199 1960 277 2032 cogit
295 1959 442 2033 credere,)
469 1977 562 2032 neque
582 1961 721 2032 mirarer,
746 1961 770 2018 si
790 1962 853 2032 quis
873 1962 918 2021 vel
938 1963 988 2020 uni
1007 1963 1138 2024 Homero

134 2033 276 2106 quendam
289 2053 371 2096 usum
391 2037 535 2096 scribendi
554 2033 585 2094 ἐν
606 2033 781 2116 ἀποῤῥὴτοις
799 2036 888 2097 fuisse
913 2037 1048 2111 fingeret,
1078 2040 1138 2098 nisi

134 2112 349 2185 vulgatissimus
376 2115 444 2173 olim
464 2131 524 2173 mos
544 2114 693 2172 recitandi
714 2120 745 2173 11
763 2116 855 2174 omnis
874 2116 995 2174 historia
1013 2116 1137 2189 rhapso·
1183 2183 1187 2191 ,

135 2187 236 2247 dorum
256 2192 520 2263 argumentationes
541 2197 572 2250 11
591 2192 722 2250 rationes
743 2197 856 2251 nostras
877 2193 1045 2264 gravissime
1067 2208 1135 2252 con·

133 2262 269 2325 firmaret.
309 2268 343 2325 In
362 2268 413 2326 illa
433 2273 530 2327 autem
550 2275 595 2326 111
608 2268 739 2340 maxime,
762 2268 838 2340 quod
852 2268 1010 2340 scrupulos,
1030 2269 1137 2340 quibus

135 2357 268 2400 assensus
289 2343 447 2416 cohibetur,
467 2344 582 2418 penitus
604 2345 762 2403 exanimis
784 2345 896 2403 evellat.
936 2343 1030 2401 Docet
1049 2346 1136 2418 enim,

134 2433 190 2490 quo
210 2426 296 2491 pacto
315 2418 379 2478 fieri
397 2421 533 2493 potuerit,
560 2426 593 2479 ut
611 2426 692 2479 aetas
714 2417 820 2476 ἀοιδῶν
839 2419 1019 2491 scriptoriam
1039 2427 1137 2480 artem

134 2495 180 2551 vel
199 2511 255 2554 non
275 2495 463 2568 desideraret,
484 2504 639 2569 antequam
651 2495 783 2555 Graecae
797 2496 912 2567 linguae
929 2499 1029 2568 aptata
1046 2504 1151 2570 esset,

96 2571 193 2643 revel,
218 2587 304 2643 quum
327 2572 385 2632 iam
409 2574 465 2633 coli
489 2575 647 2646 coepisset,
671 2572 753 2644 ligno
778 2578 808 2630 11
831 2572 896 2630 aliis
917 2572 1134 2646 operosioribus

133 2648 235 2706 massis
255 2665 348 2720 aequo
368 2651 463 2714 animo
483 2651 670 2721 relinqueret.

201 2811 236 2876 ⁵⁵)
253 2809 324 2864 Hinc
341 2809 472 2864 vocabula
490 2825 524 2863 ex
542 2809 594 2862 hoc
612 2807 685 2862 cirili
707 2807 781 2861 cultu
798 2812 853 2860 tam
871 2822 933 2860 rara
950 2807 1052 2860 suntin
1064 2807 1134 2874 opti·
1163 2846 1167 2852 .

132 2877 183 2932 11111
200 2878 296 2945 poetis.
329 2878 400 2932 Hinc
417 2877 545 2956 Virgilius
562 2876 591 2928 in
608 2874 751 2942 Aeneide,
770 2875 821 2929 etsi
838 2874 1008 2929 Homericam
1026 2875 1134 2928 sinceri-

132 2950 218 2999 tatem
234 2952 346 3000 naturae
364 2945 392 2998 in
409 2945 531 3013 plunmis
549 2943 629 2997 rebus
647 2958 703 2997 non
722 2944 874 3011 assequitur
891 2943 1032 3010 omniaque
1050 2941 1134 2995 habet

132 3013 273 3079 fucatiora,
289 3028 421 3079 nusquam
438 3012 608 3079 scripturam,
627 3016 655 3064 11
675 3027 745 3079 quae
757 3011 793 3065 ad
804 3011 1015 3079 eampcrtinent,
1033 3024 1133 3063 memo-

132 3086 184 3134 rat.
218 3079 314 3147 Neque
331 3085 420 3132 tamen
437 3095 491 3132 uno
508 3079 567 3132 loco
585 3079 652 3133 satis
662 3079 735 3133 cavit
745 3079 831 3133 levem
843 3095 968 3145 errorem,
986 3079 1015 3131 in
1024 3077 1133 3145 Sibylla,

137 3149 259 3200 01111111
284 3149 313 3198 in
330 3148 401 3211 111111
418 3148 574 3200 describente
590 3148 658 3199 aelia
675 3156 698 3200 et
719 3148 863 3201 nominibus
880 3147 930 3215 Ill,
948 3151 1006 3201 443.
1023 3144 1071 3212 VI,
1091 3146 1133 3199 74.

133 3215 147 3268 Ι
164 3231 244 3284 nunc,
262 3220 290 3269 et
307 3214 431 3283 Gorgiae,
449 3213 552 3282 Ouidio,
570 3214 701 3283 Tragicis,
718 3214 859 3283 Virgilium
870 3214 937 3270 adde
950 3212 1135 3282 gravissimum

134 3289 240 3352 testem,
258 3282 357 3352 quippe
375 3287 537 3352 perpetuum
555 3283 667 3337 Homeri
685 3284 855 3339 imitatorem.
