2482 3960
554 262 732 317 -154-
832 274 835 279 '

97 422 135 465 aar
148 411 225 469 circa
244 411 269 468 si
289 427 324 469 ex
342 411 399 469 illis
416 412 552 484 exemplis
566 411 634 469 solis
647 412 849 483 spectandum
862 414 956 474 nobis
971 425 1052 475 esset
1064 415 1144 475 onan

148 488 231 546 huius
245 488 397 559 ingenium,
422 488 501 546 locus
521 494 598 547 essct
620 486 754 559 mirandi,
781 490 861 561 quid
883 493 915 549 ei
939 508 1069 565 unquam
1085 492 1144 566 apul

148 563 247 623 doctos
266 564 394 623 homines
414 569 523 623 tantam
535 564 655 622 nominis
675 564 799 637 gloriam
822 566 1025 628 confecisset.
1062 570 1143 642 Neque

148 656 215 699 vero
235 657 283 698 res
304 658 339 699 ex
357 641 476 699 totidem
496 640 577 700 bonis
592 640 763 699 coniecturis
776 642 863 701 illius
877 644 1020 719 intelligi
1033 647 1099 705 saus
1110 663 1146 720 pc
1183 660 1185 697 2

148 724 215 790 test,
234 718 341 791 quippe
360 733 445 788 quum
467 733 572 788 earum,
593 733 667 789 quac
686 716 858 792 traduntur,
879 722 972 779 nulla
993 739 1030 782 eo
1044 724 1146 781 emineu

148 795 286 867 acumine,
305 794 380 865 quod
398 792 614 852 infelicioribus
627 794 718 852 nostri
730 796 877 867 temporis
895 796 1026 858 Criticis
1040 799 1142 858 admira
1183 824 1185 833 ·

97 869 262 942 armurffil.
303 871 399 943 Quare
417 869 559 929 fateamur
577 870 708 942 ingenue,
734 869 882 942 quidquid
905 875 1046 948 undique
1065 892 1142 935 corra-
1183 946 1185 955 Ι

150 1063 182 1120 ἄν
198 1086 278 1135 φησιν
296 1066 418 1136 Ἀρίαταρ
437 1082 466 1124 ος
483 1066 654 1119 arserimus
673 1063 750 1123 εἶναι,
769 1063 852 1137 εἴπερ
871 1067 973 1130 οὕτως
991 1072 1140 1140 ἐγέγραπτο,

142 1132 266 1204 Ἕκτορος
283 1131 305 1205 ᾧ
323 1135 356 1204 δὴ
375 1083 453 1191 zade
470 1132 604 1198 Ὀλύμπιος
619 1133 699 1193 αὐτὸς
716 1134 821 1193 ὀπάζει,
841 1141 871 1188 et
890 1136 933 1190 ad
952 1157 983 1194 π,
1004 1143 1064 1195 630
1075 1138 1144 1203 Ἄριο-

150 1221 197 1255 νον
226 1201 258 1253 ἂν
282 1202 353 1273 εἶχε,
383 1200 462 1270 φησὶν
486 1203 501 1252 ὁ
522 1201 709 1272 Ἀρίσταρχος,
741 1202 766 1253 εἰ
791 1202 973 1274 ἐγέγραπτο,
1004 1207 1096 1273 βοῶν
1113 1203 1143 1258 td

149 1272 339 1391 ἔράιητάων,
353 1270 418 1389 iplina
441 1269 550 1389 copugn,
573 1285 653 1390 ‹puarpl
674 1272 756 1350 etiam
780 1269 913 1391 Enitath.
940 1289 1001 1328 non
1026 1273 1142 1397 agngffi

220 1352 352 1391 errarem
382 1352 461 1389 rnon
477 1352 504 1388 rr
523 1352 570 1392 eor
596 1353 619 1391 si
654 1353 697 1391 uic
731 1352 806 1392 enen
843 1354 874 1392 aa
914 1355 936 1393 u
976 1357 1014 1396 ue
1032 1359 1076 1397 cm

148 1405 235 1458 tiones
252 1421 403 1459 annumero.
425 1404 453 1457 θ.
465 1408 523 1459 233.
535 1378 636 1459 iac’tant
648 1354 744 1460 Gracgci
760 1406 831 1459 inter
840 1357 1143 1479 poednffunumquen

148 1488 201 1541 que
228 1489 291 1528 suae
315 1473 401 1542 gentis
427 1473 511 1526 solum
529 1488 589 1528 cum
610 1477 658 1528 100
674 1472 717 1527 vel
735 1478 786 1528 200
803 1473 934 1530 Troianis
954 1496 987 1531 en

148 1560 201 1595 aare
223 1543 251 1593 in
266 1545 368 1608 proelio.
405 1540 475 1595 Nam
496 1542 568 1595 hunc
590 1557 696 1595 sensum
715 1542 814 1595 habent
832 1544 933 1613 verba,
964 1543 1039 1599 ἄνθ’
1055 1544 1139 1599 ἑκατόν

148 1627 181 1663 τε
199 1611 338 1680 διηκοσίων
357 1626 397 1671 τε,
415 1611 431 1661 i.
444 1625 467 1662 e.
480 1606 549 1661 ἄντα
565 1609 673 1663 adverb.
690 1625 740 1677 pro
757 1625 811 1677 quo
828 1625 913 1680 saepe
934 1614 1033 1667 ἀντίον
1046 1612 1141 1671 aare

149 1678 253 1732 dicitur.
289 1679 341 1732 Sed
362 1678 429 1730 haec
445 1678 601 1750 Aristarcho
625 1678 707 1731 nimia
723 1677 865 1732 videbatur
882 1681 1041 1748 iactantia,
1066 1680 1140 1736 veliu

148 1745 237 1813 ebriis,
255 1747 362 1813 soloque
380 1751 473 1798 tenore
491 1745 596 1799 abiecto
613 1746 737 1814 correxit,
755 1745 852 1799 leniter
870 1747 990 1817 scilicet,
1009 1747 1082 1818 ἀνθ’,
1097 1751 1140 1803 ie.

148 1814 212 1865 ἀντί
225 1829 357 1881 praepos,
374 1819 405 1865 ut
422 1813 567 1867 modestius
583 1814 754 1882 minarentur,
772 1812 853 1868 verbo
871 1820 965 1885 tanus,
983 1834 1140 1884 anamqum

148 1899 196 1947 que
218 1884 271 1933 200
293 1882 460 1932 Troianorum
481 1883 658 1944 fortitudinem
675 1892 857 1949 aequaturum,
882 1884 1012 1954 ἰσαβαρῆ
1039 1884 1138 1938 ἕκαστον

147 1949 313 2020 γενήσεσθαι
338 1949 475 2028 ἑπατρνή
499 1949 651 2070 διοΙιΙκοοίοίν.
693 1950 756 2070 Hicd
768 1956 801 2033 et,
819 1950 911 2069 norultis
940 1953 1004 2007 aliis
1033 1954 1099 2033 locis
1112 1967 1139 2005 ex

149 2017 412 2155 00110000οῙ
432 2023 458 2154 l,
471 2019 539 2153 ill
552 2021 1140 2164 00000000οῑ00000000

150 2157 226 2224 νηὸς
250 2155 310 2226 ἔχον
333 2156 426 2228 πόνον;
459 2154 519 2208 ideo
543 2160 649 2222 scr1p81t
673 2159 735 2222 νῆα.
776 2152 806 2208 Ω.
832 2158 891 2209 636.
914 2155 1011 2210 eidem
1036 2157 1139 2212 verbum

148 2224 320 2291 ταρπώμεθα
336 2224 405 2276 male
424 2221 564 2276 convenire
581 2220 721 2275 videbatur
737 2221 860 2276 fortunae
877 2222 992 2292 Priami,
1017 2225 1139 2279 correxit·

149 2306 200 2357 que
219 2291 394 2358 παυσώμεθα,
413 2289 484 2357 quod
501 2289 596 2343 deiude
613 2298 751 2358 receptum
769 2297 810 2343 est
827 2291 956 2344 amultis.
988 2295 1028 2345 At
1047 2293 1140 2346 nullum

149 2359 206 2411 eius
223 2374 335 2411 acumen
352 2358 473 2426 frigidius
492 2365 540 2420 est,
557 2373 636 2424 quam
654 2357 728 2426 illud,
751 2360 888 2426 explosum
906 2359 941 2412 ab
961 2359 1023 2429 ipso
1042 2360 1134 2415 Eusta-

149 2426 214 2492 thio,
226 2443 248 2477 ε.
260 2430 318 2480 860.
338 2433 364 2478 et
383 2429 407 2485 ξ.
422 2431 487 2492 148,
505 2426 550 2478 ubi
559 2426 676 2479 Martem
694 2433 722 2479 et
738 2426 893 2495 Neptunum
911 2443 968 2480 non
981 2434 1013 2480 ut
1026 2428 1140 2499 ἐννεαχί·

148 2493 212 2551 λοας
228 2495 245 2562 ἢ
264 2493 417 2573 δεκαχίλοος
433 2493 574 2546 vociferari
591 2494 704 2562 volebat,
723 2493 770 2547 sed
787 2502 818 2547 ut
835 2495 914 2546 ἐννεα
933 2496 1025 2555 είλοος
1074 2499 1141 2550 dexa-

145 2562 252 2632 χείλους
293 2560 342 2614 Gm
360 2562 527 2615 coniecturae
546 2562 678 2615 simillima
696 2562 899 2616 estistainPin
920 2563 1021 2632 .Pyth.
1078 2568 1141 2633 ,aa

148 2628 195 2681 ubi
212 2629 304 2690 saltus,
322 2630 357 2682 ab
368 2629 492 2696 Apolline
511 2629 576 2683 facti
593 2629 771 2697 granditatem
789 2631 908 2697 horrens,
926 2646 978 2698 pro
992 2634 1102 2697 βάματι
1113 2634 1138 2683 ἐν

148 2696 248 2819 πριιὶἳτῳ
270 2698 386 2820 currerim
409 2697 513 2777 βάρατο
539 2699 567 2749 ἐν
594 2699 718 2818 τροτάτῳι.
755 2699 943 2817 Praetttermittte
964 2699 1034 2753 alios
1053 2713 1142 2821 00000ὲο

148 2770 1141 2904 00000000000000000000000·

148 2908 289 3030 Ξέρῖιῷὃὸ.
303 2906 389 3024 ἴόνος,
403 2924 418 2956 ι.
434 2909 472 2958 19.
485 2905 555 2970 τότε,
573 2906 631 2956 401,
644 2903 711 2970 ἐμοί,
729 2921 755 2965 μ.
771 2905 826 2957 161.
838 2901 1028 2968 βαλλομένων,
1044 2908 1075 2971 ψ.
1087 2907 1142 2959 306.

180 2993 187 3024 ί
205 2990 222 3022 α
242 2990 270 3024 ἓν
290 2988 339 3026 OC.

216 3057 252 3121 36)
269 3056 363 3124 Longa
385 3071 452 3123 opus
476 3056 510 3107 sit
531 3056 682 3111 inductione
711 3057 905 3134 exemplorum²
929 3061 960 3107 ut
979 3056 1048 3111 illud
1065 3059 1142 3126 plane

167 3125 258 3178 robem
276 3123 426 3177 lectoribus.
459 3123 541 3192 Ergo,
560 3130 590 3176 ut
607 3124 766 3191 praecidam,
784 3139 833 3177 nec
851 3123 994 3190 anticipem
1013 3140 1056 3194 ea,
1075 3141 1141 3195 quae

147 3139 234 3245 ddcum
246 3199 356 3259 poscent
368 3192 395 3245 in
407 3193 514 3258 proprio
529 3192 731 3260 Commentario,
744 3193 921 3246 coniecturam
933 3188 1048 3246 afferam
1062 3211 1141 3251 unam

147 3261 271 3326 omnium,
295 3275 364 3327 quae
381 3259 536 3314 Aristarcho
555 3260 718 3327 tribuuntur,
742 3260 906 3313 scitissimum
924 3264 951 3311 et
970 3260 1140 3328 elegantissi-

147 3340 225 3392 mam,
243 3327 270 3378 in
289 3347 313 3379 ο.
324 3331 382 3382 207.
410 3326 452 3379 Ibi
470 3343 550 3394 quum
569 3329 670 3394 etipse
688 3329 715 3382 in
733 3335 810 3381 textu
827 3327 962 3395 vulgatam
975 3330 1138 3396 scripturam

147 3400 264 3445 nostram
283 3395 412 3461 dedisset,
440 3410 502 3448 mox
519 3395 560 3447 vel
579 3398 606 3448 in
624 3396 720 3450 scholis
738 3396 781 3449 vel
797 3396 824 3448 in
844 3396 1014 3463 ὑπομνήμασι
1031 3414 1138 3452 versum

148 3460 295 3514 correxisse
313 3464 350 3516 sic
369 3462 480 3516 dicitur:

113 3760 280 3954 'f
