2482 3960
511 269 622 328 -lld
649 300 688 310 -

106 423 188 480 emus
210 423 249 481 sit
273 438 312 479 an
334 421 449 481 dativus
467 425 651 497 pronominis,
670 442 708 485 ex
725 427 793 487 sola
810 429 1010 489 inclinatione
1029 428 1103 486 intel

104 500 212 571 datur.
250 497 316 556 vid
345 501 468 574 exempli
496 517 584 558 causa
612 494 682 558 low
712 502 743 558 oi
771 501 880 562 &aar
912 505 970 564 od.
1000 525 1024 564 ο,
1045 512 1099 562 uos.

107 570 925 655 οτῑιωυ.χ146εέ.·ώρυῑιηῖ4νδράμαέηεπε-
948 578 1069 638 dille

577 791 622 864 Π.

35 1020 39 1027 ,
103 927 171 1011 Iam
187 950 241 1021 his,
256 965 330 1020 quae
345 950 484 1009 bactenm
500 952 643 1025 disputavi
659 953 696 1011 de
709 955 974 1027 mundonibusss)
986 962 1017 1014 et
1028 956 1101 1014 sicis

104 1027 276 1085 situdinibus
301 1033 398 1084 textus
417 1028 572 1100 Homerici,
597 1029 690 1101 deque
709 1028 838 1089 fontibus
861 1034 1016 1091 variarum
1034 1033 1102 1103 ejus·

102 1121 158 1176 que
177 1102 388 1176 lectionum,
415 1106 464 1162 via
487 1104 635 1178 patefacta
659 1106 774 1164 videtur
797 1107 838 1164 ad
864 1109 999 1167 alterum
1022 1114 1102 1182 caput

102 1181 188 1252 hujus
208 1180 424 1252 disquisitionis,
444 1183 473 1238 in
493 1199 549 1254 quo
568 1183 655 1253 hujus
674 1182 848 1240 emendandi
861 1187 988 1257 generis
1000 1200 1101 1243 summa

102 1266 132 1316 et
155 1258 268 1330 potiora
277 1254 314 1327 ¹⁸)
350 1264 507 1329 praecepta
538 1266 568 1316 et
602 1260 733 1332 exempla
762 1276 939 1332 proponam.
992 1262 1100 1320 Etenim

101 1340 180 1391 reete
199 1340 244 1390 est
262 1348 281 1389 a
298 1333 428 1405 pluribus
441 1333 720 1408 animadversum¹⁹)‚
740 1336 863 1394 criticae
876 1339 955 1396 artis
965 1340 1100 1397 rationem

101 1411 272 1482 scriptorum
301 1410 442 1467 varietate
477 1412 656 1484 ingeniorum
687 1418 717 1470 et
744 1414 955 1487 materiarum,
987 1416 1019 1472 in
1046 1413 1099 1485 qui·

101 1487 154 1544 bus
191 1485 336 1557 elaboret,
370 1486 462 1558 ipsam
497 1503 609 1559 quoque
639 1490 745 1546 variari
772 1505 869 1559 neque
899 1491 1015 1549 eadem
1049 1489 1099 1549 ior·

100 1565 177 1621 mula
200 1562 307 1620 includi
331 1579 426 1635 posse.
465 1564 499 1621 Id
525 1566 550 1622 si
571 1581 669 1622 verum
689 1565 783 1622 estin
801 1567 1008 1637 posteriorum
1027 1572 1098 1625 aeta·

100 1646 160 1697 tum
190 1639 377 1711 scriptoribus
403 1646 509 1711 quanto
539 1642 632 1712 magis
661 1640 692 1697 id
723 1640 808 1698 cadet
824 1642 856 1697 in
875 1644 996 1713 priscos
1015 1649 1096 1713 vates,

100 1733 171 1787 qnos
196 1716 257 1774 sola
281 1713 396 1773 tortuua
422 1733 475 1773 sua
500 1723 530 1775 et
554 1718 710 1790 propagati
734 1723 830 1774 textus
854 1718 1009 1790 modusffl)
1034 1720 1096 1776 isto

100 1809 162 1849 rum
183 1791 385 1849 dissimillimos
406 1789 488 1849 facit!
509 1793 656 1851 Hactenus
670 1794 787 1852 Homeri
807 1793 959 1866 similis³¹)
982 1803 1028 1854 est
1045 1794 1096 1852 for·

99 1875 170 1926 tuna
188 1866 346 1924 Bibliorum
364 1873 536 1941 nostrorum,
554 1871 676 1928 maxime
696 1869 898 1942 Iudaicorum,
920 1873 981 1929 etsi
1002 1872 1094 1930 borum

99 1944 228 2003 criticam
247 1943 396 2001 historiam
421 1945 493 2003 mire
517 1944 723 2016 obscuravittq
742 1945 881 2003 librorum
908 1946 1034 2006 Masora
1052 1963 1095 2004 an-

99 2022 254 2092 tiquiorum
279 2020 329 2090 qui
349 2020 387 2078 ad
407 2036 470 2079 eam
488 2023 680 2094 pertinerent,
702 2022 819 2094 Jactnra
837 2020 991 2094 hujusque
1011 2024 1094 2096 ipsius

99 2097 253 2170 farraginis
263 2095 299 2168 33)
330 2098 412 2157 ratio.
459 2098 517 2156 Sed
541 2103 573 2155 ut
598 2098 777 2169 conjecturas
801 2097 915 2156 mittam
942 2099 983 2157 de
1008 2099 1096 2172 prima

100 2190 197 2233 eorum
222 2171 314 2233 forma
339 2175 437 2245 paullo
464 2174 631 2234 audaciores
653 2180 682 2231 et
701 2173 811 2232 levibus
831 2177 1016 2245 argumentis
1035 2193 1095 2249 pro

99 2250 183 2309 botas
203 2267 258 2309 non
279 2250 466 2309 dubitandum
486 2256 582 2308 tamen
602 2257 680 2322 puto,
702 2251 771 2322 quin
783 2250 882 2323 plures
902 2258 1009 2322 partes
1022 2252 1094 2309 illius

99 2325 236 2399 operisffl)
263 2327 429 2385 nominatim
454 2326 667 2385 Pentateuehus
694 2325 864 2397 seorsum³⁵)
885 2326 1016 2398 primum
1039 2328 1095 2386 uul-

100 2409 186 2474 gatae
216 2404 273 2460 sint
303 2410 333 2461 et
363 2420 448 2474 quum
480 2403 585 2462 deiude
609 2404 683 2461 aliae
709 2404 773 2461 aliis
797 2402 944 2460 subnexae
975 2405 1095 2475 novique

100 2479 235 2550 deinceps
260 2479 337 2537 libri.
352 2479 445 2536 additi
472 2480 567 2554 [atque
591 2481 621 2536 in
648 2495 730 2538 sacro
750 2481 812 2538 loco
830 2479 970 2553 repositi]
993 2487 1095 2551 esseut,

100 2560 202 2627 sponte
238 2554 379 2626 prodierit
416 2570 519 2628 corpus
557 2555 698 2627 quoddam
739 2561 769 2613 et
800 2555 880 2613 velut
916 2555 1095 2616 bibliotheca

99 2647 190 2690 sacra.
223 2629 379 2701 Postquam
399 2637 494 2689 autem
513 2634 636 2705 populus
657 2647 693 2689 ex
705 2631 879 2704 Babylonico
901 2632 992 2691 exilio
1005 2633 1096 2691 redux

101 2707 138 2765 de
157 2706 279 2780 publicis
299 2706 345 2764 vel
364 2707 453 2765 sacris
474 2709 533 2766 suis
551 2708 681 2780 reliquiis
701 2706 839 2780 apciustt)
859 2706 1031 2767 ordinandis
1051 2725 1096 2768 co·

102 2784 222 2857 gitebat,
252 2784 312 2842 siue
332 2783 441 2842 Esdras
472 2785 531 2842 siue
561 2786 624 2856 quis
653 2785 726 2842 alius
756 2782 819 2855 ejus
844 2783 1015 2844 rei'auctor
1032 2783 1094 2852 luit,

94 2861 157 2932 jam
185 2866 246 2919 tum
274 2860 344 2918 nihil
374 2860 453 2919 aliud
484 2877 568 2932 quem
597 2860 718 2921 obscura
742 2858 819 2918 fama
843 2865 997 2919 auctorum
1022 2862 1096 2920 cele-

98 2937 183 2996 brata
210 2953 273 2995 esse
304 2935 417 2995 videtur
445 2953 519 3008 quae
550 2935 653 2995 deiude
683 2935 762 2994 facta
792 2935 901 3008 sylloge
932 2938 1029 3010 magis
1054 2939 1095 2994 iu·

100 3012 241 3085 ualuitffl).
263 3012 465 3072 collectionem
486 3014 561 3070 enim
579 3014 653 3071 hanc
673 3013 709 3070 de
729 3012 871 3070 industria
890 3009 1000 3071 factam
1021 3030 1094 3085 esse,

166 3199 202 3267 33)
214 3197 437 3253 conversionibus.
539 3198 788 3266 ²⁷)scripturarum.
890 3195 927 3262 33)
942 3196 1094 3262 potissima.

97 3268 122 3308 33
155 3266 324 3320 admonitum.
433 3265 469 3330 30)
490 3264 567 3318 ratio.
676 3266 711 3333 31)
742 3264 787 3317 vix
810 3262 954 3332 quidquam
981 3272 1096 3331 praeter

97 3269 192 3388 Bibba.
294 3332 329 3402 33)
347 3332 501 3399 superstitio
519 3336 554 3384 et.
656 3333 691 3402 33)
706 3331 879 3386 collectionis.
982 3332 1021 3400 ³4)
1039 3332 1094 3386 col-

98 3401 226 3455 lectionis.
333 3400 369 3466 33)
394 3398 582 3467 particulatim.
693 3400 729 3466 33)
751 3398 853 3454 melius.
954 3399 993 3466 ³⁷)
1020 3399 1096 3455 facta

97 3467 252 3524 collectione
270 3465 346 3522 firme
363 3464 421 3520 fieri
438 3465 534 3534 coepit.
