2482 3960
505 267 684 320 ..21-

96 412 172 484 quod
191 415 277 485 vulgo
296 412 328 472 fit
343 413 521 486 saepissime,
540 419 573 472 ut
586 415 792 485 consequentia
809 414 958 474 modorum
977 423 1094 489 pertine

95 490 181 548 betur
199 491 230 548 in
249 492 382 549 iunctura
402 490 564 562 aequalium
584 490 784 563 membrorum,
810 493 855 550 vel
876 498 909 549 ut
927 495 1089 565 particulae

93 562 128 621 ἄν
147 583 177 651 s.⁸
192 585 227 622 κε
248 566 373 625 addatur
392 566 562 625 indicativus
582 567 702 624 instanti
721 573 862 639 tempore,
882 585 965 628 nemo
978 572 1034 628 nisi
1046 573 1088 630 in-

93 642 196 701 doctus
217 648 408 716 propagatum
427 644 510 714 velit,
537 644 710 715 praesertim
730 644 759 701 in
772 650 869 716 tanta,
896 661 970 717 quae
990 649 1086 707 multis

90 735 144 792 pro
164 721 277 778 ratione
297 724 350 791 cst,
369 720 499 789 mutandi
517 717 666 779 facilitate.
861 723 863 727 ‘

555 932 621 1006 XI.

162 1103 259 1174 Atque
291 1104 364 1162 haec
394 1120 429 1163 ex
457 1120 563 1176 magno
582 1119 700 1161 numero
720 1119 776 1162 non
796 1103 924 1161 studiose
946 1114 1083 1179 excerpta

86 1181 243 1250 specimina
263 1181 390 1252 vulgaris
410 1184 506 1238 textus
527 1179 681 1251 emendati,
706 1186 736 1237 et
756 1195 830 1251 quae
850 1197 906 1238 non
925 1181 1080 1257 ingenium,

85 1254 138 1312 sed
158 1256 290 1315 meliores
314 1257 381 1314 libri
401 1257 609 1329 suggerebant,
638 1257 726 1314 cnivis
751 1257 961 1328 persuadeant,
984 1261 1080 1331 purio-

82 1331 162 1389 ribus
182 1332 307 1392 fontibus
328 1333 468 1392 adeundis
489 1349 586 1391 veram
599 1331 719 1390 formam
732 1333 904 1391 Homericae
918 1337 1079 1408 scripturae

85 1411 216 1466 revocari
240 1409 382 1482 hodieque
409 1425 504 1483 posse.
547 1410 650 1480 Neque
680 1410 753 1467 banc
778 1425 858 1482 spem
884 1412 971 1483 eripit
996 1413 1077 1472 nobis

84 1484 240 1556 longinqua
258 1488 331 1544 vatis
351 1492 490 1544 vetustas.
528 1486 605 1544 Nam
624 1484 698 1544 falsa
718 1493 763 1543 est
783 1503 881 1545 eorum
901 1489 1006 1559 opinio,
1028 1493 1077 1561 qui

84 1561 147 1618 sola
170 1562 380 1634 longinquitate
409 1562 547 1635 temporis
577 1563 624 1618 uel
651 1563 801 1620 universae
826 1562 965 1621 historiae
992 1563 1076 1625 fidem

80 1634 205 1710 infringi,
230 1640 276 1696 vel
295 1641 467 1713 scriptorum
487 1639 630 1711 corrumpi
650 1640 857 1710 integritatem,
883 1645 921 1711 et,
942 1645 974 1698 nt
994 1643 1074 1712 quid·

78 1728 134 1782 que
153 1716 306 1773 novissime
327 1723 440 1788 gestum
460 1717 499 1774 sit
518 1720 569 1773 aut
588 1717 735 1789 scriptum,
755 1717 797 1774 ita
816 1716 995 1773 verissimum
1015 1734 1075 1776 mu·

79 1789 211 1861 ximeque
237 1794 391 1862 genuinum
416 1793 579 1851 habendum
598 1797 709 1865 putant.
748 1791 793 1849 De
813 1791 899 1850 rebus
920 1794 1011 1864 gestis
1031 1794 1074 1852 di-

79 1881 145 1923 cere
171 1869 286 1926 omitto:
313 1875 426 1943 tempus
452 1887 487 1928 ac
513 1870 575 1928 dies
601 1870 709 1942 optime
735 1868 857 1927 dedocet
882 1869 1015 1927 credulos
1035 1872 1071 1930 de
1085 1887 1110 1926 aa

75 1941 113 1998 iis
147 1944 236 2016 ipsis,
271 1962 345 2017 quae
383 1948 590 2019 propemodum
620 1947 679 2004 suis
709 1945 798 2003 oculis
832 1945 895 2016 geri
926 1945 1071 2007 viderunt.

78 2017 192 2091 Scripta
217 2025 314 2080 autem
341 2040 427 2094 quum
452 2024 523 2080 nihil
549 2023 612 2080 vitii
635 2022 766 2092 trahant,
792 2021 855 2079 loco
881 2021 1018 2080 ablattis
1040 2031 1070 2082 et

75 2094 160 2152 tineis
181 2102 243 2157 tuto
265 2099 380 2158 condita
405 2102 434 2157 in
455 2100 581 2169 scriniis3
608 2098 677 2169 quid
698 2098 808 2173 obstat,
834 2112 879 2167 ne,
900 2098 926 2153 si
945 2098 1068 2169 diligens

76 2175 105 2226 et
124 2188 181 2230 non
200 2175 283 2234 nimis
302 2174 438 2248 frequens
459 2175 616 2247 descriptio
636 2173 822 2243 adhibeatur,
848 2173 935 2231 etiam
955 2176 1067 2234 amissis

76 2250 264 2323 autographis
283 2252 470 2325 xlongissimas
496 2258 608 2310 aetates
634 2251 740 2307 durent
764 2249 825 2307 sine
845 2249 953 2307 maiore
973 2254 1067 2310 noxa?

42 2322 145 2382 'Eius
166 2343 234 2388 vero
255 2331 368 2401 generis
388 2329 567 2397 mendorum,
587 2327 663 2399 quod
684 2343 719 2384 ex
739 2325 841 2384 crebra
862 2331 891 2383 et
903 2327 1066 2403 indiligenti

72 2398 266 2474 descriptione
287 2405 420 2464 subnasci
439 2406 522 2477 solet,
542 2403 700 2462 remedium
720 2409 853 2476 paratum
868 2408 912 2460 est
925 2403 1066 2463 incritiea

71 2482 146 2545 arte,
166 2481 279 2541 codices
300 2483 477 2541 diversarum
496 2498 631 2540 manuum
650 2482 727 2538 inter
746 2497 777 2539 se
791 2486 985 2552 comparante.
1007 2482 1065 2540 Sed

70 2550 162 2612 bonae
188 2558 255 2615 huic
280 2557 412 2618 fortunae
433 2561 604 2631 scriptorum
623 2558 825 2630 plerorumque
846 2557 971 2614 omnium
991 2575 1064 2617 anne

69 2628 212 2690 confidere
231 2635 330 2694 licebit
349 2637 378 2693 in
397 2636 577 2695 Homericis?
891 2689 895 2694 .

144 2706 261 2768 Licebit
280 2712 357 2770 haud
377 2712 473 2784 dubie,
493 2713 549 2768 nisi
567 2712 639 2768 haec
659 2711 791 2784 proprias
806 2709 945 2781 quasdam
960 2711 1063 2784 depra-

70 2783 199 2843 vationes
219 2788 365 2860 multoque
385 2789 482 2862 plnres
504 2793 533 2846 et
554 2789 701 2859 graviores
714 2786 927 2843 vicissitudines
942 2794 1062 2858 experta

67 2863 141 2915 sunt.
181 2861 288 2922 Verum
308 2866 332 2923 si
352 2867 398 2924 vel
419 2882 455 2923 ex
474 2881 510 2923 ea
529 2880 576 2936 re,
603 2862 679 2935 quod
694 2861 857 2920 emendatio
870 2863 983 2919 illorum
1002 2879 1061 2920 ma-

67 2935 213 2996 turissime
238 2942 315 3013 apud
336 2942 463 3001 Graecos
488 2947 558 2999 nata
579 2946 624 2998 est
645 2945 674 2997 et
694 2938 855 3006 celebrata,
880 2938 1059 3011 intelligitur,

55 3009 143 3081 ‚ipsos
168 3015 225 3073 iam
252 3018 409 3090 antiquitus
434 3018 562 3076 carnisse
589 3017 661 3075 satis
687 3015 818 3088 genuinis
840 3015 1058 3088 exemplaribus,

65 3085 151 3160 unde,
173 3093 223 3163 qni
235 3095 350 3167 vellent,
369 3112 444 3154 nova
458 3093 665 3163 exscriberem,
686 3093 710 3149 si
723 3092 834 3164 primae
848 3092 946 3149 statim
960 3107 1058 3150 recen·

61 3163 166 3237 siones,
187 3170 258 3228 artis
278 3173 396 3229 criticae
415 3171 540 3230 nondum
554 3170 649 3228 cultae
663 3169 877 3239 meditamenta,
896 3168 969 3225 mire
981 3168 1058 3227 inter
1081 3239 1084 3243 ἵ

63 3255 95 3297 se
122 3240 325 3318 discreparunt
349 3248 479 3320 plurimis
499 3246 600 3318 robur,
626 3246 829 3324 vulgatamque
849 3244 878 3300 in
899 3243 1057 3302 eruditiore

62 3315 186 3378 Graecia
205 3321 458 3382 conformationem
476 3328 572 3382 textus
593 3322 706 3380 demum
726 3328 793 3394 post
804 3320 990 3378 Aristotelem
1005 3321 1056 3378 ali·

60 3399 131 3462 quot
151 3395 337 3459 Grammatici
356 3400 590 3471 introduxerunt3
610 3416 661 3458 nos
682 3406 778 3456 antem
798 3413 834 3453 ne
847 3397 926 3453 illins
940 3396 1055 3467 quidem

59 3475 170 3545 textus,
196 3491 280 3546 quem
306 3477 355 3534 diu
379 3477 501 3534 maxime
527 3476 684 3548 antiquitas
704 3474 850 3547 probavit,
875 3473 1054 3533 Aristarchei
