2482 3960
558 339 736 390 ..38-

146 484 309 541 litterarum
323 483 398 542 ratio
412 484 547 542 ostendit.
578 483 643 540 Non
657 499 702 540 am
723 483 779 540 lius
792 500 938 542 moramur
952 484 1052 543 Cadmi
1069 487 1158 544 litte-

145 576 194 617 ras
216 566 250 617 11
271 559 316 616 vel
338 565 388 629 16,
414 575 468 617 nec
486 557 650 617 Palamedis
670 500 787 630 31914,
808 566 859 617 aut
879 560 1020 632 quidquid
1040 561 1157 620 discre-

146 641 197 707 pat
209 635 347 693 historica
360 636 561 708 interpretatio
575 640 707 693 vetustae
722 633 923 694 fabulositatis.
957 637 1074 696 Certior
1088 641 1156 710 qui-

147 712 212 769 dem
237 712 360 769 historia
386 711 480 769 adhuc
499 712 614 770 saeculo
633 711 681 768 VI.
704 716 733 768 et
752 711 786 768 V.
808 718 875 770 ante
897 711 963 771 Chr.
1006 714 1155 773 Simonidi

148 787 207 846 Ceo
228 793 315 859 atque
334 786 508 861 Epicharmo
530 788 634 859 Siculo,
660 787 796 859 antiquae
817 787 994 847 Co'moediae
1014 791 1155 864 principi,

110 875 135 914 ⁶³
150 865 220 921 satis
250 863 376 934 insignes
401 870 500 936 partes
521 865 624 922 tribuit
643 865 672 920 in
692 864 801 921 litteris
823 865 998 936 complendis
1020 873 1050 924 et
1072 869 1155 926 inve·

147 939 259 997 niendis
279 938 413 1011 novisV),
434 957 505 1013 quas
524 939 630 999 deiude
653 957 717 998 cum
730 940 873 1011 prioribus
887 943 917 997 in
931 947 1028 1013 aptam
1043 944 1155 1002 seriem

147 1016 282 1074 collectas
301 1033 319 1073 a
339 1016 506 1075 Callistrato
525 1017 658 1088 quodam,
679 1021 747 1074 ante
768 1017 840 1075 alios
858 1018 957 1075 Ionica
978 1018 1079 1076 Samos
1097 1037 1156 1091 pu-

147 1093 221 1150 blice
241 1094 426 1164 usurpavisse
446 1091 592 1161 femare).
626 1093 722 1165 Atque
741 1093 795 1152 hoc
814 1095 941 1152 Ionicum
961 1095 1154 1166 alphabetum

148 1176 185 1226 24
198 1170 360 1227 litterarum
381 1186 399 1227 a
419 1170 526 1243 populo
538 1169 713 1227 Atheniensi
732 1169 849 1227 tandem
863 1169 985 1227 Euclide
998 1170 1152 1230 Archonte
1183 1200 1189 1214 ι

148 1245 259 1316 Olymp.
272 1244 391 1313 XCIIH,
413 1253 438 1302 2.
461 1251 529 1303 ante
551 1245 618 1305 Chr.
633 1253 688 1304 403
702 1252 859 1317 receptum,
880 1262 933 1303 nec
952 1247 992 1304 ibi
1012 1248 1153 1306 antehoc

148 1326 261 1392 tempus
292 1337 374 1377 usum
401 1321 521 1378 duarum
545 1322 695 1392 longarum
721 1323 861 1378 vocalium
885 1323 1065 1394 publicatum
1092 1330 1152 1382 tra-

69 1398 72 1406 '
148 1396 219 1454 dunt
238 1397 336 1468 plures
357 1401 387 1454 et
407 1413 443 1454 ex
462 1396 592 1469 probatis
613 1397 778 1456 auctoribus
786 1396 835 1470 ²⁹).

234 1607 270 1666 2⁷)
295 1605 364 1660 Vide
382 1606 408 1659 H
427 1607 483 1675 giiii
502 1607 567 1661 Fab.
586 1610 645 1663 277.
664 1607 731 1661 Plin.
750 1607 810 1674 Vll,
829 1612 870 1662 56.
889 1608 980 1660 Tzetz.
1000 1607 1060 1662 Chil
1086 1609 1150 1678 XII,

149 1679 207 1730 398.
228 1674 315 1729 Schol.
333 1675 360 1727 iu
377 1623 487 1753 11111019.ι
501 1676 601 1729 Anecd.
621 1676 666 1729 Gr.
685 1675 715 1728 T.
733 1676 768 1728 lI.
786 1691 825 1754 pn
835 1679 890 1729 187.
909 1675 985 1753 Comi.
1005 1676 1149 1743 Spanhem.

150 1744 182 1797 de
201 1742 233 1796 U.
258 1747 286 1794 et
303 1743 332 1795 P.
351 1740 430 1795 Num.
453 1744 524 1803 Diss.
542 1743 577 1796 H.
616 1786 622 1796 .
641 1747 682 1797 85.
718 1742 827 1796 Coensu
850 1743 883 1796 de
906 1742 1040 1797 Simonide
1064 1742 1111 1812 lV,
1131 1744 1152 1798 I.

148 1809 311 1876 Mongitoris
328 1809 455 1862 Bibhoth.
474 1810 526 1864 SIc.
545 1760 654 1878 T.11.)p.
675 1814 732 1865 181.

217 1894 252 1953 ²⁸)
270 1894 314 1949 Eo
332 1895 464 1962 pertinuit
482 1895 623 1948 dicterium
634 1894 826 1963 Aristophanis
844 1895 871 1947 in
884 1895 1048 1963 Babyloniis,
1067 1895 1160 1965 fabula

149 1964 211 2016 circ.
237 1965 298 2018 427.
329 1977 352 2016 a.
376 1961 438 2015 Chr.
457 1961 634 2016 LXXXVIII.
653 1961 696 2016 Ol.
722 1969 791 2017 acta.
826 1961 895 2015 Vide
915 1962 987 2017 Suid.
1006 1981 1030 2016 v.
1050 1960 1157 2027 Σαμίων

149 2034 164 2083 ὁ
182 2032 267 2098 δῆμος
290 2030 349 2085 coll.
372 2047 397 2083 v.
413 2029 588 2093 Ἆττικισμός,
617 2030 708 2084 Schol.
726 2030 794 2084 Ven.
813 2029 876 2084 Cod.
896 2031 926 2083 B.
945 2031 980 2084 ad
997 2032 1029 2084 Il.
1054 2050 1079 2100 η.
1100 2036 1158 2085 185.

149 2098 241 2152 Tzetz.
259 2097 326 2152 Chil.
344 2098 407 2164 XII,
425 2101 467 2152 61.
487 2113 545 2167 sqq.
581 2097 659 2164 Quod
678 2099 850 2153 Callistratus
867 2098 940 2165 apud
957 2098 1030 2152 hunc
1046 2105 1161 2152 vocatur
1183 2101 1187 2110 '

151 2167 357 2234 Grammaticus,
376 2166 442 2220 facit
460 2166 643 2234 ineptissimus
659 2167 750 2234 homo,
775 2173 806 2220 ut
823 2167 909 2220 solent
928 2167 1027 2219 eruditi
1045 2167 1160 2220 istorum

149 2241 308 2354 temgorum.
327 2251 409 2303 quum
427 2234 595 2302 antiquiores
613 2234 693 2302 digne
715 2234 826 2288 laudare
844 2234 944 2286 volunt.
975 2234 1091 2288 Gradus
1109 2241 1160 2300 est,

150 2318 203 2422 guo
241 2317 275 2355 ex
287 2302 334 2356 illo
346 2302 461 2369 Scholio,
480 2308 537 2354 tum
551 2301 663 2370 inedito,
683 2302 861 2370 spanhemius
874 2300 964 2354 docuit
974 2302 991 2353 l.
1004 2301 1029 2367 1,
1048 2317 1162 2367 operam

173 2369 300 2422 allistrati
318 2371 480 2423 auctoritate
492 2369 599 2436 Ephori
616 2370 747 2424 traditam
763 2385 828 2424 esse.
864 2367 990 2434 Suspicor
1007 2375 1163 2436 praeterea,

151 2436 222 2490 hunc
252 2437 409 2503 scriptorem
432 2435 461 2489 in
483 2436 580 2490 ultima
597 2442 675 2504 parte
693 2437 823 2490 historiae
842 2449 918 2496 suae,
946 2433 992 2486 ubi
1010 2432 1045 2486 ad
1063 2451 1163 2490 novam

152 2504 339 2557 recensionem
356 2502 445 2571 legum
463 2504 618 2558 Atticarum
636 2505 731 2558 eiectis
747 2503 824 2558 XXX
836 2501 900 2554 viris
918 2500 1016 2554 iactam
1034 2502 1162 2570 venisset,

151 2573 222 2625 hanc
243 2587 348 2625 omnem
366 2586 423 2624 rem
440 2571 549 2640 copiose
570 2578 712 2635 tractasse,
738 2571 908 2636 indidemque
927 2576 1083 2637 excerptum
1103 2586 1165 2624 esse

152 2640 239 2693 locum
258 2639 402 2692 Clementis
420 2655 500 2706 supra
518 2657 544 2692 n.
567 2643 606 2693 16.

213 2725 250 2792 29)
263 2724 429 2778 Nominatim
440 2723 560 2792 Ephoro,
573 2724 755 2792 Theopompo,
767 2721 1034 2800 AndroneE-phuesio,
1045 2722 1163 2775 fortasse

153 2793 215 2846 aliis
232 2792 362 2859 pluribus.
378 2793 445 2846 ⁴Pro
463 2792 505 2845 his
524 2791 640 2845 adeundi
659 2798 721 2845 sunt
738 2788 815 2844 nobis
832 2789 933 2842 turbidi
951 2790 1039 2856 rivuli,
1057 2789 1160 2843 Euseb·

153 2861 249 2914 Chron.
272 2860 308 2914 ed
325 2860 364 2913 01.
383 2859 494 2927 XCIIII,
513 2863 537 2912 4.
557 2858 668 2913 Cedren.
688 2865 716 2911 ct
733 2858 828 2912 Pasch.
847 2856 943 2910 Chion.
966 2856 1000 2909 ad
1019 2856 1116 2925 XCVI,
1135 2862 1161 2909 4.

153 2945 213 2982 cum
231 2927 317 2982 Schol.
336 2926 371 2980 ad
388 2926 483 2993 Eurip.
502 2927 602 2980 Phoen.
615 2930 683 2993 688,
701 2926 749 2979 ubi
765 2931 843 2979 vetus
861 2925 978 2978 varietas
996 2931 1107 2978 notatur
1125 2939 1162 2977 ex

153 2996 357 3115 ¹³¹³i³¹i⁰im⁰‘⁰
375 2994 594 3114 albulae
615 2994 705 3115 l‘ti‘
724 2994 779 3113 tlt
798 2991 1087 3113 61166666
1112 2992 1157 3113 11

171 3077 450 3114 .acen...
989 3077 1161 3121 m.,.

152 3080 179 3198 1).
200 3133 256 3183 113.
279 3077 475 3182 6911116161.
500 3127 534 3181 ad
552 3127 637 3181 Inscri
657 3136 676 3180 t.
695 3127 812 3182 Herodis
829 3129 886 3180 Att.
905 3144 931 3194 p.
939 3076 1008 3182 g232.
1044 3127 1161 3180 Boherii

153 3198 222 3251 Diss.
236 3199 259 3265 §.
278 3200 318 3250 66.
337 3195 451 3249 Wessel.
470 3194 505 3248 ad
523 3195 606 3249 Petiti
648 3195 680 3248 L.
693 3197 753 3249 AA.
771 3213 797 3263 p.
813 3200 868 3249 194.
888 3194 991 3249 Corsini
1009 3195 1082 3246 Fast.
1097 3196 1161 3249 Att.

154 3265 184 3318 T.
197 3265 351 3332 Ilipam.
380 3264 451 3317 Huic
468 3269 603 3343 postremo
623 3263 750 3316 laudatus
768 3263 843 3317 locus
862 3263 967 3330 Syriani
986 3261 1020 3314 ad
1032 3262 1161 3329 Hermog.

153 3349 179 3399 p.
202 3334 241 3389 17.
264 3348 359 3399 parum
382 3331 536 3399 explicitam
553 3330 680 3384 notitiam
699 3330 799 3399 habet,
824 3346 904 3398 quam
923 3330 1030 3383 omuino
1048 3329 1081 3382 ab
1100 3330 1161 3382 istis

154 3400 371 3466 compilatoribus
389 3415 442 3454 non
460 3404 608 3466 exspectes.
649 3397 720 3452 Satis
740 3405 790 3466 est,
815 3399 957 3452 convenire
976 3412 1067 3450 omnes
1085 3397 1113 3449 iu
1130 3412 1161 3450 re

154 3483 263 3521 summa.
299 3467 425 3521 Ceterum
441 3467 506 3520 hinc
524 3472 647 3534 apparet,
666 3482 737 3587 quae
756 3467 831 3520 dicta
850 3466 884 3518 sit
896 3463 969 3533 apud
980 3465 1162 3518 Athenienses

155 3538 254 3606 ἡμετ·
278 3533 424 3607 Εὐκλείδην
451 3536 634 3604 γραμματική.
691 3535 748 3588 rius
772 3533 887 3588 usitatae
906 3534 1012 3586 litterae
1031 3539 1178 3642 vocantur·
