2482 3960
514 313 691 367 ..gp-

104 479 161 534 que
180 462 257 521 nllus
276 466 361 520 vetus
380 465 483 520 auctor
494 459 578 518 huius
592 459 840 533 interpretationis
854 467 991 521 exstaret.
1015 461 1155 522 Nam-1⁴⁸

104 555 161 611 qne
185 537 399 611 ineptissimum
423 538 462 595 sit
490 537 562 594 illud
593 539 802 610 argumentari,
834 538 911 610 qnod
934 554 991 598 non
1016 540 1102 611 vulgo

104 615 262 687 veteribus,
288 630 375 686 quum
395 613 431 672 de
451 614 571 686 pulchra
590 615 797 686 compositione
817 616 918 674 horum
939 615 1103 674 Oarminnm

103 691 291 766 praedicant,
315 690 484 748 Pisistratus
503 689 640 747 laudatur
658 706 712 762 pro
732 690 867 750 Homero.
906 691 1052 765 Persaepe
1072 694 1103 751 id

104 768 204 828 euenit
221 769 252 824 in
270 767 407 838 historia,
433 772 467 824 ut
485 766 649 824 tralaticiae
669 782 754 824 voces
773 767 987 840 redarguantur
1008 767 1101 841 iactis,

104 849 137 902 et
162 849 195 902 nt
223 843 322 914 rebus,
353 859 425 915 quas
451 858 534 901 nemo
554 859 611 903 non
630 858 684 915 pro
704 843 780 901 veris
799 844 913 916 habuit,
938 845 1024 917 longe
1045 846 1103 905 alia

103 920 312 992 consequentia
330 920 396 992 sint,
418 935 503 991 quam
522 919 544 976 ii
563 919 840 992 animadvertebant,
861 921 910 992 qui
923 921 988 979 illas
998 923 1103 980 attule-

102 1002 181 1054 runt
228 995 414 1068 Ambiguitas
437 1011 521 1068 vero,
555 1011 641 1067 qnam
664 995 731 1054 huic
754 997 891 1054 mentioni
921 995 1102 1056 confusorum

104 1072 270 1132 Garminum
294 1073 389 1130 inesse
414 1077 533 1145 putant,
558 1071 693 1130 continuo
724 1073 870 1130 evanescit
889 1074 1102 1146 comparatione

104 1165 204 1207 eorum
224 1150 410 1222 scriptorum,
436 1149 485 1220 qui
510 1164 572 1204 rem
591 1148 689 1220 paullo
709 1149 795 1206 aliter
813 1155 961 1207 narratam
979 1150 1122 1221 relique·

102 1231 189 1297 runt}
212 1226 327 1298 Iosepbi
354 1230 385 1283 et
408 1224 537 1297 Aeliani,
563 1240 614 1282 seu
638 1225 734 1296 potius
756 1226 969 1299 comparatione
987 1226 1102 1285 illorum

103 1303 237 1360 omnium.
278 1301 414 1374 Collecta,
435 1317 492 1360 non
510 1301 666 1359 recollecta
687 1300 832 1371 Carmina,
851 1293 1041 1361 et‘adscitam
1056 1320 1102 1361 ar-

103 1384 163 1437 tem
183 1378 406 1452 compositionis,
426 1395 482 1437 non
495 1377 603 1436 'critico
623 1377 720 1436 studio
733 1384 906 1451 revocatam,
927 1380 1027 1438 inillis
1042 1397 1100 1438 om·

103 1454 188 1513 nibus
208 1455 337 1527 reperiet
355 1471 465 1513 mecum
485 1454 689 1526 unnsquisque,
715 1455 764 1526 qui
784 1455 868 1514 modo
889 1461 1003 1514 attente
1022 1457 1100 1528 lege-

104 1531 153 1603 rit,
173 1547 267 1603 neque
287 1531 447 1604 cupiditate
462 1536 491 1589 et
503 1536 614 1589 temere
628 1531 719 1603 captis
733 1532 914 1604 opinionibus
930 1539 1099 1592 occaecatus

103 1607 230 1685 libenter
249 1614 348 1666 careat
366 1609 431 1665 luce
451 1607 592 1664 veritatis.

180 1685 271 1756 Atqui
290 1685 374 1742 buius
394 1682 487 1741 famae
507 1683 705 1752 constantiam,
726 1683 806 1741 cuius
826 1685 871 1741 vel
892 1685 950 1742 ista
969 1689 1014 1743 tot
1024 1684 1097 1742 indi-

101 1760 148 1819 cia
168 1762 239 1818 setis
260 1762 365 1818 mirere
379 1761 462 1819 exiis
476 1759 662 1833 temporibus,
683 1761 785 1832 quibus
800 1760 907 1819 dudum
921 1778 994 1820 nova
1007 1759 1099 1819 forma

100 1837 202 1896 horum
223 1837 387 1896 carminum
406 1837 581 1908 invaluerat3
601 1836 688 1910 idque
702 1842 762 1894 tum
776 1837 853 1910 apud
869 1838 995 1896 Graecos
1005 1839 1101 1911 potuit

100 1912 165 1971 lieri
183 1915 260 1972 intre
280 1914 352 1972 duas
373 1919 468 1971 tresve
489 1919 615 1984 aetates3
636 1913 698 1971 eius
713 1929 783 1984 ergo
803 1911 896 1972 famae
911 1915 1100 1973 constantiam

99 2006 137 2048 ne
157 1995 332 2064 postremum
354 1990 469 2062 quidem
490 2005 591 2048 aevum
610 1990 725 2060 penitus
745 1989 917 2047 obscuravit.
956 1990 1100 2048 Notabilis

101 2083 138 2125 ex
158 2067 212 2125 hoc
232 2083 338 2139 genere
358 2067 486 2125 narratio
501 2070 546 2123 est
559 2066 588 2122 in
603 2066 724 2123 Scholiis
738 2065 937 2136 Lipsiensibus
952 2071 982 2123 et
994 2066 1099 2123 Eusta-

100 2143 205 2214 chion,
224 2141 382 2201 Δολώνειαν
402 2144 421 2198 1.
436 2160 461 2200 e.
481 2141 666 2214 rhapsodiam
679 2142 708 2197 X
720 2141 828 2198 Iliados
849 2141 885 2199 ab
899 2142 1026 2200 Homero
1046 2159 1098 2213 pro
1114 2151 1150 2189 14⁷

102 2219 243 2291 singulari
263 2221 400 2293 opusculo
420 2217 526 2276 iactam
548 2234 621 2288 esse,
642 2216 827 2275 aPisistrato
841 2223 938 2275 autem
951 2223 1098 2289 receptam

101 2297 133 2352 in
153 2295 352 2355 collectionem
373 2295 501 2368 corporis
523 2294 576 2351 sui.
615 2293 648 2350 In
668 2294 768 2366 primis
789 2310 858 2351 vero
877 2293 933 2351 huc
953 2295 1099 2366 pertinent

102 2371 231 2438 absurda
249 2378 410 2431 commenta
424 2371 689 2442 Grammaticorum,
711 2371 760 2441 qui
779 2386 878 2427 euram
891 2370 1037 2447 Pisistrati
1052 2387 1099 2428 ex·

100 2449 211 2520 plicare
225 2450 329 2520 conati,
344 2465 430 2520 quum
444 2449 554 2521 priscos
568 2462 662 2505 mores
673 2447 825 2519 nescirent,
840 2447 877 2505 ad
888 2453 1038 2520 corruptos
1051 2465 1098 2505 ru-

56 2556 63 2569 ·
99 2541 196 2583 mores
225 2530 256 2583 et
274 2526 422 2599 proprium
442 2525 587 2597 ingenium
607 2521 804 2596 confugerunt.
844 2524 941 2582 Animi
961 2541 1050 2582 cansa
1069 2526 1099 2582 in

99 2601 156 2659 hac
174 2602 233 2660 ima
252 2603 361 2674 pagina
379 2602 473 2675 ipsum
498 2603 592 2661 locum
612 2599 687 2659 dabo
706 2600 856 2658 Diomedis
876 2601 1039 2673 cuiusdam,
1067 2608 1098 2659 ut

89 2693 167 2735 eum
186 2678 309 2752 primum
328 2678 453 2736 Allatius
474 2684 504 2736 et
523 2693 616 2749 nuper
635 2677 819 2737 Villoisonins
835 2695 850 2736 e
865 2676 951 2737 MSS.
966 2677 1097 2749 edidit9).

168 2889 191 2953 ⁸)
213 2889 291 2942 Eust.
308 2904 335 2954 p.
347 2890 407 2943 785.
425 2892 466 2942 41.
502 2883 585 2940 Φασὶν
605 2888 629 2938 οἱ
647 2887 761 2949 παλαιοὶ,
781 2889 830 2956 τὴν
843 2888 985 2956 ῥαψῳδίαν
996 2887 1095 2956 ταύτην

99 2957 147 3023 ὑφ’
162 2955 277 3027 Ὁμήρου
304 2957 342 3009 ici
375 2958 443 3008 τετά
462 2957 523 3017 δαι,
552 2954 596 3007 καὶ
622 2957 659 3024 μὴ
684 2955 896 3023 ἐγιοταλεχῆναι
923 2957 980 3014 τοῖς
998 2956 1097 3023 μέρεσι

98 3028 147 3094 τῆς
164 3022 278 3086 Ἰλιάδος,
299 2976 357 3076 dm?
368 3025 398 3076 δὲ
418 2975 617 3091 Πέισιστράτοο
636 3023 768 3092 τετάχδαι
788 3023 827 3082 εἰς
844 3024 894 3091 τὴν
915 3023 1026 3091 ποίησιν.

168 3108 191 3174 ⁹)
209 3108 259 3161 Ille
277 3108 295 3160 1.
314 3124 337 3162 c.
355 3125 417 3176 pag.
435 3114 476 3163 93.
495 3109 540 3162 hio
557 3108 658 3161 Anecd.
677 3107 721 3160 Gr.
741 3108 772 3160 T.
791 3107 825 3160 11.
844 3124 870 3174 p.
893 3111 1012 3175 182.sqq.
1042 3106 1097 3159 “Orc

99 3175 129 3228 ἔν
147 3194 200 3228 τινι
213 3177 308 3247 χρόνῳ
327 3176 361 3227 τὰ
377 3176 490 3246 Ὁμήρου
509 3176 645 3245 ποιήματα
657 3176 891 3244 παρεφδάρησαν,
910 3177 991 3244 brim)
1003 3176 1095 3243 τορός,

137 3244 189 3295 ὑπὸ
211 3248 342 3308 σεισμοῦ,
366 3247 383 3314 ἢ
408 3246 458 3296 ὑπὸ
482 3244 587 3295 ὑδάτων
613 3245 765 3310 ὑποφορᾶς,
789 3243 833 3294 καὶ
851 3242 1022 3312 ἀλληνάλλιος
1039 3249 1094 3293 τῶν

63 3353 66 3359 .
121 3311 213 3376 ιβλίοιν
238 3314 493 3364 διασκεδασθέντων
526 3311 570 3362 καὶ
596 3312 776 3400 φθαρέντων,
807 3311 924 3378 ὕστερον
954 3311 1059 3378 εὑρέθη
1082 3312 1097 3360 d

97 3380 148 3442 μὲν
168 3379 237 3450 ἔχων
256 3381 351 3431 ἑκατὸν
371 3381 478 3451 στίχους
501 3383 584 3450 τοχδν
603 3379 767 3448 θμηρικούς,
791 3380 855 3430 dd&
870 3379 988 3464 χιλίους,
1015 3374 1097 3436 ἄλλος

101 3449 260 3510 διακοσίους,
294 3445 372 3506 ἄλλος
396 3451 476 3508 ὅσους
499 3447 531 3499 ἂν
560 3447 652 3518 ἔτυχε,
680 3448 724 3499 καὶ
742 3447 838 3510 ἔμελλε
856 3448 927 3516 Ᾰηδχ)
948 3447 1095 3515 παραδίδο-

97 3517 164 3571 σθαι
187 3518 204 3586 ἡ
226 3517 337 3584 τοιαύτη
361 3517 477 3585 ποίησις·
494 3516 562 3568 ἀλλὰ
580 3514 792 3585 Πεισίστρατος,
819 3514 960 3584 Ἀδηναίιον
980 3532 1095 3583 στρατη-
