2482 3960
515 292 779 372 ‘-54-

183 465 344 533 lectionem,
365 464 461 525 omnia
481 465 519 524 ad
539 465 715 525 auditionem
736 471 915 538 comparata3
936 467 1015 524 nulla
1028 471 1118 538 pacta
1132 475 1190 527 aut

184 539 303 599 foedera
321 541 377 598 nisi
397 557 506 613 coram3
526 543 621 600 nullus
641 549 770 600 veterum
783 558 880 599 rerum
899 541 992 600 famae
1012 541 1074 601 fons
1096 561 1186 616 prae·

184 624 230 675 ter
248 617 414 675 memoriam
434 623 464 676 et
482 615 588 677 famam
608 623 638 676 et
655 618 807 676 illitterata
827 618 1069 691 monumenta⁶2);
1092 637 1128 678 ex
1151 638 1189 680 eo

183 693 342 765 Musarum,
362 709 519 752 memorum
539 695 666 766 dearum,
688 695 811 766 diligens
832 701 862 752 et
881 696 911 752 in
930 695 1023 753 Iliade
1037 697 1122 755 enixe
1135 714 1187 755 re·

184 770 455 842 petitainvocat103
484 772 579 829 nullus
599 772 629 828 in
648 772 740 844 cippis
762 777 791 828 et
810 772 965 844 sepulcris,
997 788 1071 843 quae
1092 774 1186 832 inter·

185 845 252 904 dum
271 852 473 919 memorantur,
493 848 608 919 titulus3
633 864 690 906 non
715 848 774 905 alia
794 849 853 905 ulla
872 849 1036 921 inscriptio;
1056 865 1115 908 non
1128 865 1182 908 aes

184 924 329 995 signatum
355 928 407 981 aut
430 920 507 982 faeta
533 924 669 997 pecnnia3
693 925 788 981 nullus
815 941 882 982 usus
909 925 1010 996 scripti
1035 925 1065 982 in
1090 926 1183 984 rebus

185 999 349 1058 domesticis
376 1005 406 1058 et
426 999 646 1071 mercatura⁵³);
675 1001 773 1058 nullae
804 1001 1016 1073 geographicae
1044 1001 1182 1073 tabulae;

147 1083 172 1121 ⁹⁰
185 1075 308 1148 denique
327 1076 398 1133 nulli
417 1077 571 1150 tabellarii,
591 1078 686 1136 nullae
708 1079 856 1150 epistolae,
877 1094 997 1149 quarum
1017 1079 1043 1135 si
1056 1094 1180 1136 consue-

185 1152 256 1212 tudo
280 1151 382 1210 fuisset
405 1154 435 1211 in
459 1155 555 1226 patria
574 1153 700 1226 Ulyssis,
725 1155 770 1211 vel
797 1154 821 1211 si
840 1151 957 1209 uroxrol
976 1153 1094 1218 πίνακες
1113 1171 1182 1227 per·

185 1227 395 1289 contationibus
424 1246 576 1301 procorum
602 1237 631 1287 et
657 1230 823 1288 Telemachi
847 1230 1041 1301 suffecissent,
1072 1233 1177 1303 procul

186 1305 273 1364 dubio
294 1304 453 1376 Odysseam
472 1307 582 1378 aliquot
592 1306 674 1364 libris
689 1305 857 1378 breviorem,
878 1313 937 1379 aut,
958 1313 990 1364 ut
1003 1306 1184 1366 Roussarius

188 1378 408 1453 conficiebam),
429 1384 542 1442 omnino
561 1382 669 1440 nullam
687 1382 871 1440 haberemus.

200 1569 352 1639 emporibus
364 1568 510 1691 lrileschyli,
536 1567 564 1621 id
582 1567 752 1636 quodetiam
769 1568 889 1623 nonnulli
907 1585 941 1623 ex
958 1568 1094 1623 veteribus
1112 1568 1187 1625 vide·

186 1646 375 1847 Iuntbiisseqllilge
385 1681 453 1777 'loca
469 1722 498 1775 in
515 1722 537 1774 1.
555 1720 588 1775 Ε.
606 1721 703 1776 Kochii
715 1721 817 1775 libello:
836 1719 1041 1776 Litterarisches
1053 1721 1187 1789 Magazin

201 1835 206 1846 .
225 1809 251 1860 p.
306 1834 311 1844 .

252 1878 288 1942 l³)
305 1877 384 1930 Talia
405 1890 519 1944 quaeras
541 1875 569 1928 in
586 1873 699 1928 Hesiodi
708 1871 820 1943 Ἔργοις.
855 1874 892 1926 At
910 1872 1003 1941 Odyss.
1021 1876 1049 1926 d.
1069 1877 1125 1929 163.
1144 1875 1173 1928 in

184 1945 247 2000 navi
272 1949 494 1999 commemoratur
511 1944 615 2022 φόρτου
632 1944 754 2011 μνήμων.
790 1943 849 1995 Iam
878 1939 1000 1995 conferat
1017 1942 1128 2010 aliquis,
1160 1943 1184 1996 si

184 2013 298 2081 poterit,
324 2012 460 2067 Romanos
482 2012 603 2065 hommes
621 2012 779 2062 amatoria.
810 2010 866 2064 Nos
884 2009 1023 2076 antiquum
1041 2026 1120 2063 usum
1139 2025 1180 2064 se·

186 2081 292 2149 quimur
308 2080 401 2149 Odyss.
420 2098 448 2148 φ.
457 2084 498 2135 95.
534 2079 629 2147 Neque
647 2093 770 2131 curamus
787 2077 924 2131 Eustathii
937 2077 1042 2144 explic,
1060 2079 1075 2129 ὁ
1093 2096 1181 2148 γραμ-

185 2150 289 2212 ματεὺς
305 2148 365 2219 ἤτοι
391 2149 595 2219 ἀποσημάντωρ
614 2146 656 2198 διὰ
682 2147 863 2213 rpaapoirmu'
890 2147 907 2214 ἢ
933 2146 977 2196 καὶ
1007 2143 1102 2207 ἄλλως,
1134 2147 1178 2199 lo·

204 2218 288 2287 ιπής,
308 2217 474 2287 ἐπιμελητής.
504 2215 622 2269 Tametsi
639 2214 706 2267 baec
725 2229 830 2282 quoque
849 2213 914 2267 satis
931 2212 1048 2280 produnt
1060 2220 1185 2269 veterum

219 2290 276 2353 tpp.
295 2285 461 2339 sententiam.
497 2283 622 2337 (laterum
639 2281 766 2345 riderent,
785 2283 808 2335 si
824 2282 876 2335 hoc
893 2281 1023 2349 legerent,
1042 2281 1183 2336 institores

188 2358 216 2405 et
237 2353 365 2431 propolae
388 2351 481 2405 nostri.
516 2351 561 2404 Ex
585 2366 637 2419 quo
660 2348 752 2404 ordine
777 2365 827 2418 ego
851 2350 909 2416 ipse
927 2349 1070 2417 aliquando
1089 2349 1182 2403 audivi

187 2420 324 2474 muherem
342 2419 475 2488 quandam
492 2417 720 2471 illitteratisimam
741 2433 792 2472 nec
809 2423 899 2472 cetera
912 2417 1046 2470 valentem
1063 2416 1182 2485 ingenio,

188 2503 269 2555 quum
291 2486 517 2543 enumerationem
539 2485 642 2539 faceret
664 2485 805 2552 mercium,
831 2500 896 2553 quas
919 2485 1000 2538 variis
1022 2485 1050 2537 in
1074 2484 1181 2552 oppidis

187 2555 307 2609 conditas
323 2555 444 2623 baberet,
462 2553 529 2608 adeo
548 2554 663 2623 longam,
681 2560 711 2607 ut
728 2554 842 2608 fortasse
860 2568 922 2606 cum
938 2554 1054 2624 μνήμονι
1067 2553 1182 2607 Phoeni·

187 2623 244 2676 aiae
262 2623 337 2676 navis
355 2629 458 2676 certare
475 2621 618 2689 potuisset.

256 2707 292 2772 64)
309 2706 471 2775 Dignissima
493 2712 533 2760 est
556 2706 702 2760 acutissimi
718 2706 770 2761 viri
786 2706 931 2774 sententia,
958 2721 1026 2774 quae
1051 2711 1110 2761 tota
1125 2706 1180 2761 buc

187 2773 382 2828 transcribatur
393 2788 427 2828 ex
438 2774 572 2842 Opusculo
586 2774 643 2828 eius
654 2794 700 2827 aar
717 2775 842 2841 l’Oriplae
860 2777 904 2827 dee
916 2776 1045 2840 Lanpuer,
1064 2774 1187 2829 Oeuvres

187 2842 275 2963 fpesth.
293 2842 392 2896 Gener.
411 2841 473 2895 edit.
494 2845 566 2897 1782.
584 2843 615 2896 Τ.
633 2842 705 2896 XVI.
723 2858 750 2921 p.
762 2846 820 2896 240.
841 2841 926 2908 »Quoi
944 2844 1026 2910 qu’on
1042 2857 1110 2896 nous
1126 2841 1186 2897 dise

207 2926 221 2964 e
240 2910 395 2965 l’invention
413 2910 446 2964 de
463 2910 610 2977 l’alphabet
628 2910 705 2976 Grec,
720 2925 750 2976 Je
768 2909 795 2963 la
812 2910 881 2964 crois
897 2909 1037 2976 beaucoup
1055 2910 1116 2977 plus
1127 2926 1183 2965 mo·

189 2978 270 3032 derne
288 2981 369 3046 qu’on
385 2993 419 3031 ne
437 2977 464 3032 la
481 2979 539 3046 fait,
558 2984 585 3030 et
599 2977 629 3044 je
647 2977 727 3032 fonde
744 2977 967 3046 principalement
984 2984 1055 3031 cette
1074 2978 1183 3044 opinion

189 3061 235 3099 sur
252 3046 277 3099 le
295 3047 430 3100 caractere
449 3046 482 3100 de
500 3046 527 3099 la
544 3044 650 3112 langue.
686 3045 710 3099 Il
726 3049 804 3098 m’est
821 3060 891 3098 venu
907 3044 971 3099 bien
989 3053 1100 3099 souvent
1118 3045 1184 3099 dans

188 3113 291 3180 l’esprit
300 3112 333 3167 de
345 3112 442 3167 deuter
452 3114 664 3168 non-seulement
677 3113 838 3181 qu’Homere
852 3116 895 3166 stlt
907 3114 1005 3179 ecrlre3
1017 3113 1085 3166 mais
1096 3117 1182 3167 meme

189 3184 270 3260 qu'on
287 3181 381 3235 ecrivlt
399 3180 431 3234 de
451 3197 499 3236 son
516 3187 592 3234 tems
621 3181 677 3234 J'ai
693 3181 779 3248 grand
796 3187 895 3249 regret‚
914 3196 966 3249 que
984 3196 1015 3234 ce
1033 3180 1115 3235 doute
1133 3181 1185 3235 soit

189 3265 211 3303 si
223 3248 418 3303 formellement
430 3249 546 3304 dementi
557 3265 608 3317 par
618 3248 748 3302 l’histoire
761 3248 794 3302 de
803 3248 984 3316 Bellerophon
996 3248 1062 3302 dans
1072 3248 1182 3302 l’lliade.

189 3316 296 3371 (lemme
311 3316 360 3384 j’ai
376 3317 401 3370 le
419 3317 541 3370 malheur
558 3317 630 3370 aussi
647 3314 709 3369 bien
726 3332 778 3384 que
796 3316 822 3369 le
839 3317 869 3370 P.
887 3315 1028 3370 Hardouin
1046 3316 1130 3370 d’etre
1148 3332 1185 3370 un

189 3399 244 3451 peu
266 3384 370 3439 abstine
395 3384 461 3438 dans
483 3399 540 3438 mes
556 3383 720 3452 paradoxas,
745 3385 768 3438 si
782 3383 874 3451 j’etois
891 3383 977 3438 moins
994 3385 1134 3451 ignorant,
1156 3382 1186 3450 ,ie

189 3450 272 3506 sarcis
289 3452 351 3506 bien
368 3455 442 3506 tante
460 3451 596 3507 d‘etendre
614 3467 671 3505 mes
689 3451 784 3507 doutes
802 3468 848 3506 sur
870 3459 941 3507 cette
958 3451 1069 3506 histoire
1086 3454 1183 3519 meme,

191 3524 218 3573 et
236 3519 269 3573 de
286 3520 415 3574 l'aecuser
432 3520 533 3576 d’avoir
550 3521 594 3574 ete
603 3535 665 3575 sans
676 3519 814 3589 beaucoup
827 3521 966 3575 d’examen
977 3519 1126 3587 interpolee
1138 3535 1189 3588 par
