2482 3960
568 323 745 376 ..40-

598 501 722 578 xvn.

234 637 292 696 Sed
311 637 383 694 haec
403 637 469 710 ipsa
491 638 615 710 vestigia
634 639 774 697 historiae
795 645 928 712 arguunt,
949 641 1026 698 inter
1038 641 1089 698 illa
1102 658 1157 714 pu·
1192 657 1194 660 ’

155 714 224 772 blici
234 730 302 770 usus
315 713 398 771 initia
409 719 440 771 et
450 714 601 785 vulgarem
612 715 1159 776 consuetudinemscribendilibrorum-

157 806 212 861 que
232 787 470 848 conficiendorum
498 806 597 848 curam
616 792 706 850 multo
726 793 854 864 longius,
880 808 966 864 quam
985 809 1060 850 nunc
1080 794 1160 864 quis-

157 883 242 937 quam
263 867 416 939 existimet,
436 867 619 924 intervallum
638 869 820 926 interiectum
839 866 937 926 irrisae.
966 869 1158 941 Hicprirnum
1221 887 1235 899 “

156 943 270 1000 marcini
289 943 426 1001 momenti
446 949 500 1015 est,
521 943 597 1015 quod
617 946 725 1002 nullum
739 961 859 1016 usquam
872 946 1035 1003 litterarum
1050 961 1086 1003 ex
1099 945 1157 1005 isto

157 1035 263 1090 genere
288 1025 502 1078 monumentum
527 1027 766 1080 commemoratur
784 1021 929 1093 Lycurgei
954 1025 1005 1079 aut
1024 1022 1155 1094 proxime

157 1097 335 1167 insequentis
355 1097 429 1168 aevi,
454 1113 510 1155 non
532 1097 663 1170 epistola,
688 1114 744 1157 non
763 1095 875 1170 poema,
903 1114 959 1157 non
978 1097 1053 1156 liber
1071 1099 1158 1170 ullus,

157 1174 238 1231 cuius
254 1173 414 1245 exemplum
427 1174 474 1230 vel
488 1179 567 1231 certe
581 1175 686 1233 notitia
700 1175 823 1246 exempli
834 1174 871 1232 ad
885 1175 1061 1246 posteriores
1076 1179 1158 1232 aeta·

156 1256 201 1307 tes
221 1249 394 1320 pervenerit.
434 1249 499 1306 Nisi
518 1247 593 1307 forte
613 1249 736 1322 fabulas,
758 1250 794 1308 de
815 1251 917 1321 quibus
939 1249 964 1326 ξ.
985 1251 1065 1308 ΧΠΙ.
1087 1249 1156 1322 dixi,

157 1325 257 1382 audire
277 1325 415 1395 volumus,
437 1341 543 1395 eosque
564 1327 728 1398 scriptores,
761 1327 810 1398 qui
829 1327 940 1399 priscas
960 1342 1007 1384 res
1029 1326 1067 1384 ad
1087 1343 1157 1384 suas
1195 1385 1197 1388 ,

157 1400 377 1460 eonsuetudines
388 1407 476 1472 atque
485 1400 633 1459 libidinem
642 1400 762 1474 fingunt,
773 1419 892 1474 quorum
904 1403 992 1461 etiam
1002 1404 1157 1462 innumero

156 1483 230 1548 sunt,
250 1477 298 1547 qui
316 1493 367 1535 suo
383 1493 414 1534 se
425 1477 532 1549 'gladio
553 1478 684 1549 iugulent
691 1478 738 1549 ³⁰).
764 1479 805 1537 At
823 1479 892 1551 quid
911 1480 1052 1551 privatam
1066 1480 1157 1552 scrIp-

118 1570 142 1609 ετ
157 1560 251 1611 turam
265 1553 429 1624 quaerimus
442 1553 478 1611 iis
492 1554 681 1627 temporibus,
696 1556 799 1627 quibus
809 1556 839 1612 in
853 1572 962 1614 summo
973 1555 1068 1614 studio
1079 1555 1158 1613 ordi-

157 1630 317 1688 nandarum
331 1630 478 1687 civitatum
492 1646 527 1687 ne
543 1631 624 1702 leges
639 1631 754 1709 quidem
769 1632 897 1689 videmus
911 1632 1017 1690 litteris
1030 1633 1157 1704 promul·

156 1707 261 1778 gates?
281 1706 326 1764 De
347 1706 476 1765 omnibus
496 1707 660 1766 nationibus
675 1708 815 1766 Graeciae
835 1709 947 1779 loquor,
966 1725 1023 1766 non
1044 1708 1156 1780 excipio

155 1783 253 1852 Iones;
281 1782 317 1839 de
344 1782 447 1854 quibus
474 1782 543 1840 mibi
568 1800 621 1855 pro
651 1785 825 1842 auctoritate
850 1784 1014 1842 habendum
1038 1784 1157 1842 videtur

156 1859 299 1915 silentium
320 1874 434 1929 eorum,
461 1859 510 1929 qui
530 1866 643 1917 veteres
664 1860 761 1932 legum
782 1861 889 1919 latores
910 1876 999 1933 saepe
1022 1866 1157 1918 accurate

157 1938 332 2006 enumerant,
352 1933 483 1992 omnibus
497 1935 526 1992 in
541 1935 670 1994 ordinem
684 1938 819 2009 receptis,
841 1937 944 2008 quibus
959 1936 1157 2008 quovismodo

156 2011 240 2069 huius
261 2011 381 2070 nominis
401 2012 493 2069 bonor
513 2011 698 2069 tribueretur.
738 2014 850 2086 Nempe
871 2014 914 2071 illi
933 2018 977 2072 tot
997 2013 1157 2085 scriptores

157 2089 306 2159 utriusque
320 2088 435 2159 linguae
450 2088 475 2145 si
488 2087 518 2144 in
530 2086 697 2147 Aristotelis
712 2095 743 2147 et
755 2089 948 2162 Theophrasti
961 2089 1158 2147 celeberrimis

157 2165 224 2223 olim
243 2165 324 2222 libris
346 2171 375 2222 et
395 2164 654 2237 collectionibusffl)
677 2166 799 2239 scriptas
818 2167 935 2225 Ionibus
952 2166 998 2222 vel
1017 2165 1158 2223 Aeolibus

89 2248 91 2251 ’
157 2242 236 2312 leges
256 2241 402 2299 recenseri
422 2241 570 2309 vidissent,
592 2248 659 2299 ante
679 2243 825 2302 Pittacum
843 2243 955 2314 Olymp.
968 2241 1101 2298 XLVIII.
1115 2241 1159 2298 la-

156 2324 211 2388 tas,
237 2333 320 2375 nemo
342 2317 521 2387 antiquitatis
542 2318 652 2389 peritus
673 2324 765 2391 putet,
794 2319 825 2376 id
846 2334 894 2376 eos
914 2323 996 2374 tanto
1016 2332 1160 2375 consensu

157 2394 385 2464 transmissuros,
399 2409 453 2450 nec
466 2410 539 2452 novo
554 2395 667 2452 nomine
681 2395 804 2452 indicem
815 2410 897 2451 suum
910 2398 1045 2449 aucturos
1055 2390 1157 2452 fuisse.

156 2470 202 2526 Ex
222 2485 277 2539 quo
298 2469 479 2540 intelligitur,
501 2486 536 2527 ea
556 2472 660 2540 omnia,
682 2486 755 2541 quae
776 2475 836 2527 tum
855 2484 907 2541 pro
921 2466 1033 2538 legibus
1048 2476 1158 2537 essent,

158 2547 217 2602 sive
238 2543 325 2620 νόμοι,
347 2547 407 2603 sive
427 2543 541 2622 θεσμοί,
561 2547 621 2604 sive
638 2544 744 2626 ῥῆτραι
763 2544 948 2615 vocabantur,
976 2545 1005 2602 in
1024 2544 1106 2602 Ionia
1127 2552 1159 2604 et

159 2658 360 2667 ———.—.

236 2703 273 2764 3⁰)
299 2704 342 2756 Ita
368 2703 482 2771 Gorgias
505 2711 680 2772 personatus,
706 2704 752 2772 qui
774 2701 912 2756 Palamedi
934 2700 1042 2754 iuventa
1061 2700 1158 2754 tribuit

156 2772 321 2843 γράμματα,
345 2773 451 2842 μνήμης
468 2771 600 2839 ὄργανον,
625 2771 744 2826 eiusdem
769 2776 858 2824 aetate
877 2768 953 2836 quasi
970 2768 1160 2836 pervulgatum

157 2856 235 2893 usum
257 2840 432 2908 epistolarum
456 2846 587 2893 memorat
605 2856 631 2908 p.
652 2844 724 2908 104,
748 2838 832 2892 falsus
855 2838 936 2889 etiam
954 2836 981 2888 in
998 2837 1063 2902 hoc,
1084 2836 1159 2902 quod

158 2907 256 2961 ibidem
275 2909 407 2962 Graecum
431 2923 492 2960 cum
511 2907 628 2962 Troiano
652 2908 709 2962 sine
733 2907 880 2972 interprete
905 2904 1020 2971 colloqui
1037 2905 1157 2971 potuisse

160 2982 250 3042 negat.
268 2977 341 3029 Istae
354 2974 432 3028 sicui
446 2973 618 3030 satisfaciant
629 2975 747 3043 ineptiae
769 2973 794 3027 ei
803 2972 926 3026 Ovidium
939 2978 1075 3025 auctorem
1085 2970 1157 3038 Epp.

156 3042 303 3096 Heroidum
322 3048 349 3094 ct
366 3041 464 3095 multos
483 3041 550 3095 alios
569 3013 783 3097 commonstrairo
801 3041 915 3094 maiores
932 3047 1067 3118 patronos,
1089 3055 1155 3159 guo·

158 3126 218 3163 rum
241 3115 331 3162 tamen
349 3108 438 3161 nullus
457 3115 513 3161 tam
530 3110 678 3164 honoratus
696 3116 750 3178 est,
775 3125 855 3177 quam
873 3108 1012 3186 Mutunus
1029 3113 1072 3185 ter
1111 3122 1157 3160 on·

156 3178 205 3244 sul,
223 3177 270 3245 qui
287 3176 448 3243 Sarpedonis
467 3176 607 3243 epiStolam
625 3177 758 3246 quandem
777 3193 793 3230 a
811 3177 894 3230 Troia
910 3182 1038 3243 scriptam
1055 3190 1083 3227 1n
1104 3174 1157 3242 Ly-

161 3247 202 3299 cia
219 3246 278 3313 ipse
296 3245 407 3313 legerat,
425 3243 539 3296 mIrante
557 3245 643 3299 Plinio
662 3246 737 3313 XIII,
760 3249 799 3300 13.

233 3332 269 3398 ³1)
292 3330 361 3385 Vide
384 3328 465 3383 Fabr.
484 3329 515 3382 B.
535 3328 580 3383 Gr.
599 3329 630 3382 L.
650 3330 698 3383 III.
719 3346 741 3383 c.
760 3333 784 3384 7.
796 3345 828 3451 ἕ.
850 3333 906 3384 194.
925 3334 952 3382 et
970 3342 991 3379 c.
1009 3331 1033 3381 9.
1052 3342 1078 3393 p.
1096 3329 1156 3379 251.

158 3400 257 3453 Omitto
276 3399 372 3453 similia
389 3412 473 3466 opera
490 3396 603 3450 aliorum
622 3398 655 3451 de
674 3398 778 3466 legibus
820 3398 906 3451 caecis
924 3402 952 3449 et
964 3410 1055 3448 earum
1067 3393 1158 3446 latori·

157 3468 220 3530 bus,
247 3468 334 3522 minus
357 3468 481 3521 tritorum
505 3464 633 3534 lectione,
661 3472 789 3535 tanquam
813 3464 982 3531 Callimachi,
1007 3460 1172 3515 Heraclidis

157 3536 271 3604 Pontici,
289 3536 431 3604 Hermippi
449 3539 501 3587 etc.
