2482 3960
512 284 683 336 ,5.-

158 431 249 489 Hem.
277 430 393 502 quidem
420 429 597 503 Stephanum
622 431 780 489 Bamesius
805 446 862 490 non
886 431 1029 490 immerito
1055 447 1102 490 ac·

101 513 185 566 cusat
203 507 359 566 Eustathio
386 507 568 579 negligenter
593 524 676 566 usum
700 505 802 565 fuisse:
830 508 887 566 nisi
911 508 1102 568 laboriosissi-

102 600 179 642 mum
193 584 295 656 virum,
317 600 403 654 quum
417 583 573 642 subitarias
586 590 670 643 notas
685 584 833 656 scriberet,
855 600 890 642 ea
904 585 983 643 dicas
999 584 1102 643 afferre

100 661 237 731 noluisse,
257 660 360 731 quibus
379 677 437 719 non
457 659 494 718 ad
514 660 715 731 corrigendum
737 677 804 718 usus
825 666 911 719 esset.
950 661 1011 718 illis
1027 662 1103 718 enim

101 737 225 796 saeculis
245 737 361 809 impune
381 735 636 795 dissimulabantur
654 737 778 808 labores,
799 752 870 808 qnos
883 737 970 797 hodie
983 739 1102 796 mutatis

103 812 230 872 moribus
251 813 280 869 in
299 813 394 871 lucem
414 811 548 886 proferre
568 813 705 884 cogimur.
746 815 792 871 Ita
806 813 842 873 ab
856 813 964 872 Aldina
977 813 1044 871 inde
1058 831 1102 872 se-

101 889 194 947 cunda
213 889 343 961 pluribus
363 891 491 962 priorum
513 888 665 959 editorum,
687 890 815 961 quamvis
835 891 1007 961 tacentibus
1027 891 1105 948 hunc

101 965 324 1025 Grammatioum
349 982 467 1038 prorsus
487 965 650 1037 neglectum
670 982 726 1024 non
751 966 881 1038 credam,
910 982 946 1024 ex
971 983 1026 1037 quo
1053 983 1103 1027 cos

103 1042 190 1100 etiam
217 1044 362 1114 recepisse
391 1042 475 1100 video
495 1043 646 1114 nonnulla,
672 1058 747 1112 quae
774 1042 821 1100 vix
847 1043 963 1109 aliunde
989 1058 1103 1101 sumere

101 1120 232 1191 possent:
254 1118 306 1175 sed
320 1119 509 1176 constantiam
523 1119 745 1191 comparationis
759 1134 815 1177 non
828 1120 952 1191 reperio.
972 1119 1103 1190 Eamque
1142 1154 1145 1160 ·

100 1211 137 1253 ne
158 1194 288 1253 Romana
308 1195 425 1265 quidem
446 1195 535 1253 editio
562 1197 647 1267 plane
672 1195 789 1268 probat,
816 1195 867 1252 illa
891 1210 965 1266 quae
992 1200 1102 1253 textum
1116 1211 1141 1249 ιο

102 1273 185 1328 iuxta
206 1277 236 1328 et
249 1271 326 1328 illius
342 1270 583 1330 commentarium
597 1272 732 1330 continet.
772 1273 839 1344 lpse
853 1287 921 1330 vero
934 1272 1102 1343 BarnesiuS,

101 1349 153 1420 qui
167 1347 315 1405 Eustathii
329 1350 424 1402 intimo
445 1349 549 1404 scrinia
568 1368 596 1403 oe
615 1351 774 1418 compilasse
786 1350 886 1420 iactat,
908 1363 993 1420 quam
1007 1349 1037 1405 in
1049 1348 1104 1407 hac

103 1430 133 1482 et
153 1424 271 1494 reliquis
292 1421 516 1495 professionibus
537 1425 595 1482 suis
617 1441 706 1482 vanus
726 1424 778 1497 sit,
804 1432 835 1484 et
860 1425 910 1482 elii
936 1425 990 1482 viri
1015 1424 1102 1498 docti,

102 1505 142 1558 et‘
156 1516 229 1557 uuus
258 1500 294 1558 dc
320 1501 435 1572 paucis,
462 1501 510 1571 qui
534 1500 719 1559 Eustathium
745 1503 878 1572 gnaviter
907 1503 1102 1573 perlegerant,

103 1575 312 1635 Valckenarius
333 1577 451 1633 monuit.
491 1577 593 1647 Neque
612 1583 710 1635 tamen
723 1577 890 1648 BarnesiuS,
911 1583 1010 1635 cetera
1022 1578 1103 1650 inep-

104 1659 151 1711 tus
170 1653 265 1725 homo,
287 1658 317 1709 et
336 1668 438 1724 parum
458 1658 593 1711 accurate
614 1653 724 1724 doctus,
744 1652 799 1710 hac
817 1652 904 1710 laude
924 1651 1103 1711 fraudandus

104 1736 160 1802 est,
181 1745 245 1786 eum
265 1727 355 1786 inisse
375 1729 507 1801 primum,
528 1729 578 1799 qui
598 1745 633 1786 ex
652 1729 778 1800 antiquis
792 1729 980 1802 scriptoribus
994 1728 1104 1799 aliquid

101 1806 138 1864 ad
168 1805 380 1876 insequentium
405 1821 488 1862 usum
513 1811 707 1879 expromeret,
733 1804 843 1876 aliquid
868 1805 930 1878 ipse
956 1805 1043 1862 etiam
1069 1820 1105 1862 ex

102 1882 147 1940 his
167 1880 293 1940 fontibus
314 1880 387 1939 benc
408 1882 575 1955 corrigeret.
615 1882 798 1940 Temerarias
820 1882 882 1940 eius
901 1882 1103 1952 correctiones,

100 1975 219 2016 numero
238 1959 348 2031 plures,
374 1959 422 2028 qui
441 1975 541 2017 rursus
563 1960 708 2032 expunxit,
730 1957 871 2031 (llarkius,
899 1959 943 2015 vir
963 1973 1104 2029 gramma-

102 2036 178 2094 ticae
200 2034 349 2093 doctrinae
370 2035 571 2107 peritissimus,
592 2036 738 2107 ingenium
758 2034 865 2105 ubique
885 2033 983 2107 prodit
996 2034 1049 2092 tali
1061 2034 1104 2091 la-

63 2161 66 2166 .
101 2112 163 2172 bori
192 2117 222 2170 et
247 2111 323 2170 omni
344 2112 493 2168 severitati
513 2111 631 2169 criticae
651 2126 758 2183 operae
784 2110 917 2168 alienum.
957 2109 986 2167 Is
1013 2109 1104 2180 igitur

102 2189 306 2247 auctoritatem
332 2186 502 2258 lectionum,
529 2202 603 2258 qnae
624 2187 739 2258 quidem
761 2201 796 2243 ex
815 2187 937 2244 vetustis
965 2186 1103 2257 exemplis

100 2266 162 2338 peti
176 2263 311 2335 debebat,
325 2263 430 2333 omisit,
445 2267 594 2322 contentus
609 2261 670 2320 iare
683 2278 775 2334 parva
788 2263 838 2320 illa
851 2263 1003 2333 varietate,
1018 2277 1104 2332 quam

98 2339 254 2414 Appendix
278 2340 439 2412 vulgarium
466 2339 533 2398 olim
560 2339 734 2410 editionum,
759 2344 790 2396 et
811 2338 974 2412 Stephanus
994 2338 1104 2396 Barne-

100 2418 217 2488 siusque
239 2416 397 2487 dederant3
419 2416 457 2474 ad
476 2416 660 2474 Eustathium
681 2415 727 2474 vel
747 2414 863 2476 Scholia
881 2417 976 2474 rarius
1003 2415 1104 2473 dever-

100 2495 146 2566 tit,
168 2492 218 2557 ubi
239 2493 290 2551 alii
309 2492 479 2564 haeserant,
507 2498 558 2550 aut
577 2493 640 2566 ipse
660 2493 821 2551 sententiae
848 2508 919 2551 suae
944 2490 1104 2564 quaerebat

102 2576 265 2640 auctorem3
286 2569 400 2639 reliqua
419 2569 539 2638 leviter,
560 2575 590 2626 et
609 2570 726 2641 leniter,
746 2570 876 2640 miraque
896 2567 1103 2639 moderatione,

100 2652 134 2704 ut
158 2661 359 2715 nonnunquam
379 2646 426 2702 vel
445 2645 475 2702 in
494 2645 581 2704 meris
601 2646 719 2718 ineptiis
739 2645 874 2704 Barnesii
893 2645 964 2703 nihil
976 2645 1032 2703 nisi
1046 2647 1103 2700 ido·

102 2742 181 2778 neom
200 2725 332 2776 rationem
353 2721 508 2779 desideret.
547 2720 613 2781 Alio
634 2722 727 2780 animo
749 2727 779 2780 et
798 2721 946 2780 doctrinae
960 2726 1106 2794 apparatu

107 2797 146 2856 ad
171 2797 363 2870 repetendum
390 2797 575 2857 Clarkianum
605 2798 766 2871 exemplum
795 2799 919 2856 accessit
942 2797 1104 2868 Ernestius,

105 2875 162 2932 etsi
175 2870 239 2933 'non
259 2879 377 2946 sponte,
403 2872 455 2931 sed
481 2874 592 2931 librarii
612 2875 658 2931 sni
677 2875 833 2932 voluntate.
874 2873 966 2945 Quam
986 2875 1023 2933 ob
1043 2888 1104 2932 rem

103 2966 169 3008 eum
189 2951 282 3022 magis
302 2950 503 3009 admirandum
523 2955 593 3023 puto
614 2951 644 3007 in
663 2950 792 3009 omando
811 2950 866 3009 hoc
886 2951 982 3008 alieno
1006 2965 1104 3023 opere,

101 3043 187 3098 quam
208 3027 382 3099 inpropriis
403 3025 585 3098 quibusdam,
606 3042 679 3098 quae
699 3027 870 3086 contentiori
891 3025 988 3085 studio
1001 3043 1105 3100 perpo-

102 3103 175 3161 livit.
214 3102 271 3161 Hic
290 3109 396 3175 tamen,
418 3103 467 3174 qui
488 3108 518 3160 et
537 3101 717 3162 conferendis
737 3101 869 3175 pluribus
888 3102 970 3161 libris
992 3109 1022 3161 et
1034 3118 1103 3161 vero
1119 3125 1142 3163 ιι

101 3180 190 3238 etiam
210 3179 380 3250 iudicando,
399 3179 431 3237 id
451 3180 529 3251 quod
548 3180 645 3237 multis
666 3179 736 3239 locis
757 3179 921 3238 acutissime
942 3176 1024 3250 iacit,
1045 3194 1104 3238 om·

99 3256 178 3312 nium
199 3256 308 3327 optime
329 3255 366 3313 de
385 3255 509 3314 lectione
523 3255 678 3314 Homerica
690 3256 805 3327 meruit,
825 3255 903 3312 idem
916 3254 1034 3314 videbat
1047 3255 1105 3326 sig·

99 3329 292 3403 nificabatque
314 3331 344 3388 in
358 3329 484 3391 Praeiat.
504 3331 567 3390 Vol.
588 3331 633 3404 V,
654 3336 791 3403 quantum
810 3347 897 3404 porro
916 3330 1104 3391 laborandum

100 3415 188 3481 esset,
210 3408 278 3466 dum
299 3407 465 3479 contingere
479 3413 581 3480 posset
594 3413 708 3481 poetae,
729 3413 762 3465 ut
775 3407 812 3465 ab
826 3407 903 3466 omni
916 3412 1000 3480 parte
1013 3422 1102 3480 purus

102 3490 133 3543 et
153 3483 323 3544 emendatus
343 3483 485 3557 prodiret.
527 3484 651 3543 Tantum
671 3484 773 3543 aberat
793 3483 842 3542 ille
862 3499 1031 3556 aperuersa
1044 3483 1105 3556 opi·
