2482 3960
516 304 694 358 ..29-

107 457 236 510 veterum
256 451 344 509 etiam
365 449 523 509 doctissimi
541 451 670 510 homines
684 466 748 509 sese
761 449 862 510 faciles
875 451 1102 525 praenotaret).

105 527 188 586 Adeo
208 527 280 585 nihil
301 527 395 585 estin
413 527 472 599 his,
500 526 725 598 quodcclcrari
744 545 801 587 non
820 530 1101 601 possitratiunculis
1115 548 1140 585 41

106 603 276 676 quibusdam
298 608 328 661 et
340 603 499 661 simulacris
509 604 730 676 probabilitatis,
746 605 770 662 si
783 605 868 664 modo
881 611 1042 678 temporum
1055 622 1102 664 ra·

105 682 199 739 tiones
218 685 249 737 et
265 684 412 738 auctorem
425 678 511 737 fidem
524 679 563 737 ad
575 680 689 739 libitum
704 687 733 738 et
745 681 892 752 ingenium
906 687 986 741 tuum
998 680 1100 754 fingas.

106 759 212 812 Mirum
237 766 289 827 est,
314 756 407 828 inquit
431 756 558 828 PliniuS,
585 777 636 828 qao
662 760 793 828 procedat
815 759 921 814 Graeco
940 761 1101 814 credulitas:

105 836 210 888 nnllam
230 841 285 887 1111
304 834 443 904 impudens
461 835 628 890 mendacium
648 843 694 903 est,
716 836 788 903 qaod
806 844 867 890 teste
886 843 987 891 careat.

555 1077 660 1154 XIV.

181 1247 247 1306 Non
271 1247 368 1319 placet
387 1247 509 1307 historia
529 1249 581 1306 tali
600 1248 685 1308 modo
706 1250 854 1308 ement'ta.
894 1251 988 1322 Igitur
1006 1253 1101 1311 mitta-

103 1339 166 1382 mus
180 1321 246 1382 falsi
258 1323 401 1383 Herodoti
411 1324 570 1397 Pheminm,
588 1324 710 1384 Diodori
731 1331 761 1383 et
774 1326 895 1385 aliorum
909 1327 1101 1402 Pronapiden,

104 1400 315 1459 commenticios
335 1401 455 1460 Homeri
475 1399 832 1478 γραμματοδιδασκάλους,
851 1419 915 1461 cum
940 1404 1015 1463 ludis
1042 1407 1100 1463 suis

102 1475 256 1549 librisque,
284 1482 314 1534 et
338 1493 373 1536 ea
393 1493 605 1550 expromamus,
631 1494 704 1550 quae
724 1495 776 1537 nos
797 1479 941 1538 adducant
961 1487 991 1539 et
1009 1497 1100 1555 prope
1114 1486 1139 1545 11

173 1704 208 1771 1²)
225 1704 335 1771 Loquor
350 1702 518 1770 potissimum
530 1701 562 1755 de
575 1703 740 1771 temporibus
751 1702 851 1758 liberae
863 1703 1000 1773 Graeciae,
1018 1722 1100 1774 quum

104 1773 183 1840 longe
201 1771 255 1825 alia
273 1770 421 1825 studiorum
439 1769 557 1824 conditio
575 1779 654 1837 esset,
673 1787 753 1839 quam
769 1786 838 1839 quae
856 1771 953 1827 deinde
972 1774 1099 1828 successit

103 1840 213 1894 inducta
230 1839 402 1908 πολυμαθείᾳ
419 1837 613 1893 Alexandrina.
630 1839 675 1892 1111
692 1841 853 1906 superiores,
870 1840 898 1893 in
916 1840 983 1909 foro,
1001 1859 1054 1896 non
1071 1842 1099 1894 in

104 1910 217 1963 secretis
234 1905 374 1961 litterariis
392 1907 525 1973 viventes,
538 1907 666 1961 falsarum
683 1907 836 1961 tabularum
854 1914 882 1961 et
900 1911 1099 1977 suppositorum

101 1981 326 2030 testamentorum
344 1973 484 2028 fraudibus
502 1972 645 2029 odorandis
663 1991 728 2029 occu
749 1975 862 2028 atissimi
880 1985 965 2044 erant,
978 1978 1098 2044 supposi-

102 2050 192 2097 torum
210 2043 340 2096 librorum
358 2056 450 2095 curam
468 2043 524 2096 fere
538 2042 704 2097 omittebant.
748 2058 791 2096 arn
809 2058 878 2110 quae
892 2044 988 2098 exhoc
1000 2060 1098 2112 genere

102 2110 258 2179 prodierant
282 2111 396 2178 scripta,
421 2110 449 2162 in
472 2110 506 2164 iis
522 2126 577 2164 non
594 2117 649 2164 tarn
667 2109 734 2164 illud
770 2110 931 2178 uaerebant,
954 2127 988 2164 11
1006 2127 1099 2166 eorum

103 2184 200 2245 essent,
212 2177 309 2246 quibus
320 2177 400 2246 vulgo
412 2176 603 2240 tribuerentur,
616 2193 695 2256 quam
708 2126 773 2245 qui}
784 2176 850 2230 utile
865 2184 893 2230 et
904 2177 977 2233 lectu
989 2179 1098 2247 dignum

102 2247 212 2301 ferrent.
248 2245 286 2299 Ut
302 2245 476 2300 Demostheni
494 2245 567 2299 Orat.
585 2245 606 2298 1.
625 2261 653 2297 m
670 2245 803 2312 Aristog,
826 2244 847 2298 si
875 2251 965 2300 tamen
982 2247 1029 2301 illa
1047 2247 1099 2300 De·

90 2313 248 2368 1111111111
266 2319 315 2381 111,
333 2313 495 2367 sententiam
530 2312 760 2366 nandanrnomiue
773 2311 875 2380 Orphei
892 2315 1011 2369 excitare
1023 2315 1099 2369 licuit

102 2398 137 2435 cx
154 2382 278 2450 Hymno,
302 2382 349 2449 qui
370 2381 485 2435 fortasse
508 2328 612 2435 ffuobus
635 2381 748 2435 11111111
771 2381 861 2447 {immo
879 2382 914 2434 tri
934 2382 960 2437 11
977 2383 1099 2452 pluribus

101 2456 171 2517 post.
188 2449 301 2504 Lobeck
317 2449 379 2518 Agl.
399 2454 411 2502 1
431 2465 457 2516 p.
476 2451 556 2570 391]Ι
564 2456 628 2502 ante
646 2463 674 2503 se
693 2450 808 2517 scriptus
827 2456 893 2503 erat.
911 2399 1007 2520 fragne
1025 2451 1098 2505 Cice-

101 2519 162 2571 roni
179 2525 207 2570 et
224 2516 284 2570 aliis
311 2533 392 2584 quum
405 2524 526 2571 veterum
549 2517 665 2571 'brorum
676 2527 800 2572 auctores
811 2519 957 2587 nominant,
975 2537 1028 2574 non
1041 2525 1099 2573 tan·

101 2593 159 2639 tum
170 2556 340 2640 tribuendum
349 2589 398 2653 est,
410 2591 540 2653 quantum
551 2585 672 2653 plerique
683 2591 834 2639 nostrorum
842 2586 979 2641 hominum
988 2588 1098 2653 faciunt,

101 2653 152 2708 nisi
169 2652 217 2707 ubi
234 2653 274 2706 illi
291 2668 348 2706 rem
365 2659 490 2706 accurate
508 2668 537 2707 se
556 2654 709 2720 explorasse
727 2659 774 2706 aut
791 2655 928 2721 sagacium
941 2654 1098 2710 criticorum

100 2719 201 2775 iudicia
223 2720 300 2789 sequi
318 2718 459 2774 affirmant.
495 2720 581 2787 Quam
598 2720 694 2774 leviter
711 2726 801 2774 nutem
817 2721 870 2775 hoc
888 2738 965 2776 omne
984 2738 1099 2790 genusa

101 2787 261 2842 doctissimis
277 2789 341 2842 viris
359 2789 422 2842 olim
439 2795 593 2855 tractatum,
622 2794 649 2842 et
667 2794 796 2856 quantum
813 2789 841 2841 in
858 2789 991 2844 facillimis
1008 2790 1099 2844 huius·

101 2854 174 2911 modi
193 2856 394 2924 quaestionibus
412 2863 531 2910 erratum
549 2856 591 2924 sit,
617 2857 737 2923 ipsorum
755 2861 875 2909 veterum
893 2858 985 2923 plures
1002 2856 1064 2910 inde
1083 2874 1099 2910 a

100 2923 229 3004 Dionysio
246 2924 332 2978 Halic.
352 2922 457 2991 docent,
474 2923 627 2991 certiusqne
645 2929 780 2977 constaret
797 2922 830 2976 de
849 2939 882 2977 ea
899 2938 938 2990 re,
956 2924 979 2977 si
989 2926 1099 2984 πίνακες

102 2997 130 3045 11
147 2991 194 3046 alri
211 2991 297 3046 critici
315 2990 398 3046 libelli
409 2991 651 3046 Alexandrinorum
664 2996 843 3069 superessent.
860 2994 886 3045 A
897 2990 993 3060 quibus
1004 2992 1099 3046 moniti

100 3060 213 3126 posthac
231 3060 326 3128 optimi
343 3060 487 3128 scriptores
499 3075 580 3128 saepe
594 3058 774 3113 dubitationes
785 3058 955 3127 interponere
967 3059 1054 3114 solent
1064 3060 1097 3113 de
1195 3054 1203 3071 ’

82 3183 86 3189 ,
100 3128 262 3182 anctoritate
280 3129 417 3195 librorum,
435 3144 548 3196 quorum
566 3126 633 3181 locis
644 3133 672 3180 et
683 3127 842 3180 testimoniis
854 3134 973 3182 utuntur.
992 3127 1045 3182 Sed
1056 3128 1095 3181 fa-

100 3195 175 3249 ciunt
192 3195 220 3249 id
238 3196 372 3250 rarissime
390 3211 422 3250 ea
439 3211 512 3263 cura,
530 3211 584 3263 qua
601 3210 672 3249 nunc
689 3195 718 3247 in
735 3194 777 3248 his
794 3195 875 3249 rebus
887 3211 955 3262 opus
965 3210 1023 3248 esse
1036 3211 1097 3248 cen-

100 3278 196 3317 semus.
232 3262 346 3329 Quidam
369 3263 449 3317 etiam
476 3262 634 3331 simpliciter
659 3268 687 3314 et
708 3261 784 3316 nulla
807 3263 956 3330 suspicione
969 3261 1097 3316 indicata

99 3329 216 3384 afferrmt
240 3338 346 3384 veteres
369 3330 464 3398 libros,
488 3334 601 3399 quornm
625 3328 734 3383 fraudes
756 3330 809 3383 iam
827 3329 927 3385 dudum
944 3329 1096 3397 patefactas

99 3399 230 3467 aequaevi
247 3403 390 3453 testantur.
426 3397 496 3464 Quin
514 3399 596 3455 etiam
614 3403 683 3465 sunt,
702 3398 748 3464 qui
765 3397 847 3451 hbros
865 3397 964 3464 passim
981 3399 1096 3466 vulgari-

99 3465 151 3521 bus
168 3465 255 3521 titulis
274 3471 302 3520 et
319 3464 470 3520 nominibus
487 3465 601 3519 aflerant
633 3479 702 3532 quae
720 3465 800 3519 iidem
817 3465 890 3533 alibi,
907 3480 1096 3534 nonnunquam

98 3533 128 3588 in
147 3533 241 3588 iisdem
262 3533 379 3603 scriptis,
397 3539 428 3586 ut
444 3548 549 3588 errores
566 3505 641 3601 vulgi
658 3548 694 3587 ex
710 3532 842 3588 industria
859 3539 983 3602 arguunt.
1044 3542 1049 3547 ·
