2482 3960
568 238 744 292 ..pg-

233 386 408 458 Neutiquam
427 385 506 460 apud
518 400 626 456 omnes,
646 383 840 456 aiuntaliqui3
860 387 891 441 et
902 381 988 442 facile
1001 384 1154 448 credimus.

157 461 291 522 Nondum
311 463 386 521 enim
405 479 524 536 prorsus
542 463 638 521 eiecta
656 467 687 519 et
701 461 819 534 explosa
833 465 878 519 est
891 475 990 519 eorum
1003 463 1090 535 ratio,
1104 468 1155 536 qui

157 540 313 598 Homerum
333 545 364 597 et
383 538 587 599 Callimachum
611 542 642 596 et
660 537 814 611 Virgilium
835 542 866 595 et
883 536 1017 595 Nonnum
1037 543 1068 596 et
1085 539 1154 599 Mil·

157 623 256 675 tonum
282 614 382 674 eodem
402 616 497 675 animo
516 616 626 687 legunt,
650 629 712 687 neo,
737 613 807 685 quid
826 612 1049 686 uniuscuiusque
1069 621 1153 676 aetas

157 691 242 765 ferat,
262 691 425 765 expendere
443 690 567 764 legendo
587 697 618 750 et
636 696 803 764 computare
822 689 964 749 laborant.
989 691 1155 753 Reimman·

157 785 258 828 norum
277 768 393 840 quidem
412 784 504 840 nugas
515 766 616 829 rident
627 767 688 836 isti,
707 766 760 825 sed
772 764 861 825 iidem
871 767 1032 837 aegerrime
1044 766 1150 843 ierunt,

158 845 243 903 deum
262 849 413 918 poetarum
431 844 532 903 rudem
551 841 640 902 fuisse
659 842 740 902 credi
753 843 783 900 in
797 843 868 917 ipsis
883 842 1032 902 elementis
1047 844 1153 905 doctri-

157 938 268 994 narum,
288 937 359 993 quas
379 921 428 993 qui
447 927 546 981 nostro
565 925 695 994 tempore
715 935 806 993 prope
826 923 944 978 cunctas
957 921 1150 994 complectun-

158 1005 220 1070 tur,
244 997 351 1056 lliadas
377 1003 474 1056 tamen
498 1012 626 1071 pangere
649 1012 706 1057 non
730 995 846 1055 audent.
886 992 1017 1055 Tantone
1036 998 1153 1071 ingenio

158 1079 192 1132 nt
211 1073 335 1146 denique
354 1090 419 1132 cum
437 1075 508 1148 ipsis
526 1074 585 1131 illis
605 1073 754 1132 elementis
774 1072 939 1131 adimantur
959 1087 1002 1145 ea,

237 1168 318 1238 Quae
336 1183 412 1224 nunc
431 1168 563 1239 suspensi
582 1168 665 1240 pueri
684 1167 875 1225 instrumenta
892 1166 1003 1226 lacerto

236 1242 335 1302 Ludos
354 1240 503 1300 incedunt!

120 1355 144 1391 a
162 1336 219 1394 Sed
238 1336 305 1395 nolo
324 1335 446 1394 irridere
466 1351 532 1408 eos,
556 1352 628 1408 qnos
648 1335 792 1396 dedocere
811 1338 866 1396 hoc
885 1337 947 1398 loco
967 1339 1092 1399 alienum
1111 1347 1157 1400 est

160 1418 190 1470 et
209 1428 311 1486 parum
330 1411 500 1471 modestum.
528 1412 603 1471 Nam
624 1413 739 1470 suntin
758 1413 795 1471 iis
814 1414 943 1474 homines
964 1415 1076 1475 Graece
1096 1415 1153 1476 Le·

161 1489 279 1560 tineque
299 1489 466 1548 doctissimi.
499 1487 540 1546 At
558 1487 630 1546 illud
649 1489 719 1547 mihi
737 1490 857 1549 concedi
875 1497 946 1564 puto
965 1507 984 1550 a
1002 1493 1157 1566 plerisque,

158 1566 187 1622 in
207 1565 328 1624 scientia
348 1564 464 1638 linguae
484 1565 614 1624 Graecae
633 1582 690 1625 non
710 1582 793 1625 omne
813 1567 991 1640 praesidinm
1004 1570 1099 1628 inesse
1112 1570 1150 1629 ad

160 1641 295 1701 Carmina
320 1642 438 1701 ultimae
462 1643 616 1700 vetustatis
642 1658 679 1700 ex
702 1642 799 1702 indole
820 1648 849 1700 et
868 1643 983 1715 ingenio
1003 1653 1154 1705 auctorum

159 1718 356 1791 intelligenda.
376 1718 472 1789 Atque
484 1717 540 1777 hac
552 1719 744 1791 intelligentia
758 1720 807 1790 qui
821 1726 930 1791 carent,
950 1736 999 1778 eos
1012 1720 1076 1779 iure
1089 1737 1154 1781 meo

159 1794 258 1853 reiicio
278 1794 387 1853 iudices
408 1794 501 1852 inhia
521 1794 660 1866 omnihus,
681 1809 755 1865 quae
777 1793 939 1853 donatione
953 1796 1067 1854 illorum
1080 1802 1152 1856 tem-

158 1886 259 1944 porum
284 1869 413 1929 dicturus
439 1887 510 1929 sum.
552 1870 685 1929 ceterum
705 1869 789 1942 mihi,
816 1885 901 1943 spero
921 1872 1015 1930 minus
1035 1890 1152 1932 succen-

160 1946 275 2020 sebunt,
301 1947 338 2006 ab
365 1947 492 2007 Homero
520 1963 576 2007 non
596 1951 654 2004 tam
675 1946 867 2018 cognitionem
886 1947 1048 2007 litterarum
1068 1966 1154 2022 quam

159 2040 242 2081 usum
272 2028 303 2081 et
326 2022 493 2083 facultatem
521 2023 707 2082 abiudicanti.
750 2021 806 2081 Est
835 2023 865 2081 iu
890 2040 928 2082 ea
951 2040 983 2082 re
1008 2026 1155 2099 quiddam,

161 2099 237 2172 quod
257 2099 295 2158 ad
314 2116 416 2161 novam
434 2098 550 2159 laudem
570 2099 696 2177 trahant.
728 2098 871 2158 Nimirum
890 2106 972 2160 tanto
991 2103 1084 2174 magis
1106 2103 1156 2160 ad-

159 2177 296 2235 miramur
314 2182 428 2236 veteres
447 2177 640 2250 navigatores,
661 2174 739 2249 quod
759 2177 824 2235 illos
844 2193 944 2235 cursus
964 2193 1030 2237 suos
1051 2193 1154 2250 regere

159 2257 315 2324 potuerunt
328 2255 390 2312 sine
403 2251 509 2327 pyxide
525 2255 656 2323 nautica3
676 2267 730 2311 nec
742 2249 864 2313 forsitan
877 2253 954 2311 omni
973 2254 1058 2312 militi
1068 2255 1154 2314 hodie

160 2327 365 2397 credibilem,
390 2335 458 2387 ante
477 2329 604 2401 pulveris
624 2328 724 2387 nitrati
743 2330 935 2388 inventionem
955 2329 1154 2389 Alexandrum

160 2405 205 2461 vel
226 2403 380 2463 Gaesarem
399 2409 495 2462 tantae
515 2419 562 2463 res
583 2404 691 2477 egisse,
715 2410 760 2463 tot
779 2405 985 2465 munitissimas
1005 2406 1091 2465 urbes
1111 2423 1157 2466 ce-

159 2480 245 2552 pisse.
285 2479 422 2540 Attamen
441 2479 605 2539 hahuerunt
623 2480 674 2552 illi,
699 2479 776 2553 quod
796 2481 923 2554 pulveris
942 2483 1042 2542 nitrati
1063 2484 1153 2541 ricem

160 2557 231 2615 satis
250 2555 346 2615 valide
361 2558 499 2631 expleret.
521 2557 634 2628 Quanto
648 2556 846 2616 admirabilius
860 2558 917 2616 erit
925 2555 1016 2618 fuisse
1028 2565 1152 2632 poetam,

160 2633 208 2704 qni
234 2648 297 2691 earn
320 2638 426 2704 artem,
455 2633 517 2691 sine
551 2649 609 2705 qua
633 2633 743 2692 nullum
768 2635 865 2707 paullo
891 2634 1004 2707 longius
1031 2636 1153 2695 Carmen

159 2708 293 2767 videatur
312 2708 430 2769 confieri
449 2725 551 2783 posse,
577 2725 664 2781 quum
683 2711 800 2783 cognita
819 2715 910 2780 esset,
935 2726 972 2769 ne
992 2710 1158 2770 discendam

161 2785 276 2856 quidem
296 2785 352 2844 sihi
371 2802 425 2844 nec
444 2786 637 2845 necessariam
658 2786 789 2846 duxerit!

237 2860 362 2934 Etenim,
382 2870 416 2921 ut
436 2863 511 2922 serio
531 2879 592 2921 rem
612 2863 778 2936 aggrediar,
790 2865 827 2921 -in
846 2863 963 2922 Woodii
982 2864 1159 2936 argumentis

160 2937 251 2995 multa
270 2944 337 2998 sunt
355 2937 474 3012 infirma,
494 2940 584 2997 molta
602 2939 707 3013 cupide
727 2941 868 3012 quaesita.
908 2939 1145 3014 Philosophorum

161 3013 249 3071 etiam
268 3013 306 3072 ad
326 3014 474 3074 Socratem
487 3031 578 3088 usque
599 3016 676 3090 apud
692 3022 806 3075 veteres
825 3032 920 3090 pauca
933 3018 1042 3090 scripta
1055 3017 1159 3077 consti-

160 3089 231 3149 tisse
251 3091 306 3162 ait,
326 3092 356 3149 in
375 3091 438 3165 ipso
451 3091 577 3152 Homero
597 3094 764 3153 memoriam
784 3091 855 3152 ferri
875 3094 988 3152 unicam
1008 3092 1155 3153 custodem

160 3181 270 3238 rerum;
296 3166 417 3226 eandem
435 3167 586 3227 Musarum
609 3175 748 3241 matrem3
772 3171 852 3243 ipsas
875 3168 977 3229 Musas
1003 3171 1154 3228 cantrices.

122 3263 147 3301 aa
163 3240 252 3312 Quasi
276 3260 345 3304 vero
373 3243 433 3303 vati
456 3245 586 3304 licuisset
614 3243 727 3304 fabulas
749 3245 892 3318 refingere
912 3247 1002 3305 semel
1021 3251 1154 3319 receptas

160 3315 354 3393 firmatasque,
373 3326 425 3379 aut
443 3326 547 3395 postea
565 3323 715 3394 quisquam
736 3338 844 3395 eorum,
865 3324 915 3394 qui
934 3339 1045 3397 papyro
1067 3328 1097 3380 et
1110 3337 1157 3380 ca·

160 3395 235 3456 lamo
255 3397 300 3454 usi
320 3403 395 3470 sunt,
415 3414 467 3472 pro
487 3396 677 3471 Mnemosyne
696 3415 799 3458 novam
820 3397 1014 3473 papyriferam
1029 3397 1112 3456 deam
1126 3399 1156 3455 in

163 3470 284 3531 Cannen
297 3472 464 3533 induxisset.
485 3473 607 3533 Manent
619 3476 700 3549 talia,
714 3476 769 3534 etsi
784 3491 831 3534 res
846 3482 876 3534 et
889 3491 983 3534 meres
993 3478 1154 3545 mutantur3
