2498 3952
509 311 620 368 -147
648 343 683 352 -

107 466 172 523 eius
191 465 295 522 multas
316 469 346 522 et
366 464 497 537 egregias
516 464 662 537 lectiones,
681 464 786 539 partim
805 466 890 538 vulgo
909 474 1041 541 receptas
1053 469 1090 528 ab

105 540 288 613 omniumr),
309 543 415 613 partim
433 538 637 615 praeferendas
656 542 710 614 his,
730 557 803 613 quae
823 549 957 616 receptae
970 546 1091 620 sunt²⁵);
1104 574 1143 615 ιιι

104 618 233 676 videmus
254 634 318 675 eum
332 634 367 676 ex
381 617 574 692 discrepantia
586 618 709 691 plurium
721 619 874 678 lectionum
888 636 950 679 carn
963 620 1024 680 fera
1034 625 1091 682 ele·

102 696 197 767 gissa,
223 710 296 766 quae
316 694 469 754 Homerico
493 696 607 766 ingenio
632 700 662 753 et
680 696 879 754 consuetudini
897 697 1009 769 ipsique
1028 701 1090 761 loco

171 926 207 992 ²⁴)
224 926 302 980 Locis
319 924 471 992 innumeris,
488 923 535 977 ubi
550 922 578 976 id
589 940 698 992 prorsus
708 926 853 992 nescimua;
869 927 936 996 aliis,
948 928 1091 996 inquibus,

107 994 211 1048 collatis
228 993 349 1049 omnibns
365 992 554 1050 instrumentis.
571 997 674 1046 tantum
685 993 827 1048 verisimile
838 993 877 1062 fit,
894 996 1093 1052 Aristarcheam

107 1063 238 1116 rationem
256 1062 284 1115 in
301 1061 408 1129 vulgato
426 1066 503 1113 textu
519 1065 610 1114 nostro
628 1077 698 1127 esse3
716 1062 806 1116 multis
819 1063 941 1131 denique,
958 1065 1094 1132 inquibus

109 1145 168 1183 rem
185 1144 255 1184 nunc
272 1129 380 1183 tandem
398 1144 455 1182 com
476 1127 580 1181 erimus.
615 1127 697 1182 Verbi
715 1146 755 1197 gr.
773 1130 801 1196 β.
813 1131 871 1185 397.
888 1132 1020 1198 γένωνται
1037 1133 1094 1201 (alii

111 1197 263 1252 scribebant
278 1199 395 1267 γένηται.
415 1213 440 1250 v.
456 1144 521 1264 bap.
539 1195 649 1263 XLIII.)
667 1199 689 1253 δ,
707 1201 766 1253 290.
785 1198 900 1250 ἔλασσεν
920 1200 1094 1270 (51ἕεργεν.)
1125 1256 1129 1261 ,

108 1285 134 1320 ε.
152 1268 209 1321 797.
228 1266 337 1335 τείρετο
361 1265 406 1332 (al.
424 1265 560 1333 τρίβετε.)
585 1284 609 1334 ῃ.
628 1269 686 1320 213.
711 1266 796 1332 βιβάς
818 1267 874 1334 (alii
891 1268 994 1334 βιβῶν,
1022 1270 1094 1339 quod

109 1335 196 1402 ipsum
218 1340 308 1387 tamen
332 1353 354 1385 ο.
372 1333 430 1388 307.
454 1331 581 1386 tribuitur
605 1333 773 1399 Arist-archo)
797 1354 813 1386 ι.
836 1340 894 1390 310.
917 1339 1026 1406 φρονέω
1060 1338 1094 1394 ab

107 1403 236 1471 κρανέω.)
264 1421 292 1466 μ.
315 1405 357 1455 30.
388 1401 512 1469 ἐποίησεν
544 1399 590 1467 (al.
614 1401 632 1454 f.
662 1402 808 1472 ἐποίῃσαν.)
840 1407 895 1457 142.
927 1407 1020 1465 ἐόντες
1059 1406 1094 1460 al.

109 1472 229 1536 ἐόντας.)
249 1489 270 1523 ν.
282 1473 339 1524 246.
358 1470 489 1538 θεράπων
506 1465 553 1528 ἐός
569 1468 613 1535 (al.
631 1470 811 1538 δουρίκλυτος.
847 1471 891 1524 Ex
902 1472 956 1540 illo,
974 1474 1020 1541 qui
1031 1479 1094 1528 ante

108 1540 142 1592 A.
160 1539 204 1591 ine
224 1543 251 1590 te
268 1537 434 1592 scribebatur
459 1536 639 1605 separaveris
645 1575 653 1602 ,
676 1538 745 1593 sicut
764 1535 920 1603 Ἐτεωνεύς,
944 1542 1048 1595 Harles
1066 1542 1095 1597 in

107 1605 178 1660 Bibl.
220 1605 275 1659 abr.
293 1608 369 1661 nobis
385 1605 450 1659 iacit
468 1604 675 1659 Grammaticum
691 1606 854 1674 Eteoneum,
876 1614 906 1662 ut
922 1608 1094 1663 Xenodocum

42 1720 52 1737 ,
109 1691 145 1728 ex
162 1673 285 1728 Eustath.
311 1674 347 1727 ad
371 1692 397 1742 γ.
415 1678 485 1740 354.)
513 1679 571 1727 415.
601 1674 676 1725 ἰόντα
702 1674 748 1743 (al.
767 1673 785 1729 f.
803 1675 906 1742 ἐόντα.)
929 1681 987 1730 446.
1013 1677 1045 1747 δή
1068 1696 1095 1729 τι

108 1742 232 1806 ἐΐσκομεν
260 1741 304 1808 (al.
331 1743 409 1812 δήτι
434 1745 464 1793 σ’
482 1741 557 1807 etos.)
583 1740 607 1800 ξ.
625 1746 667 1795 40.
684 1741 771 1811 πτῆξε
799 1743 844 1811 (al.
862 1744 951 1815 πῆξε.)
982 1747 1037 1800 157.
1064 1751 1095 1799 ut

110 1831 134 1864 υ.
150 1815 193 1866 59.
213 1815 240 1863 et
258 1809 322 1863 alibi
339 1810 515 1870 πολυπίδακος
536 1808 581 1877 (al.
599 1809 837 1875 satanicarum.
856 1816 897 1867 64.
916 1814 1045 1884 ἀνστήσει
1062 1813 1094 1867 δν

84 1934 88 1941 ,
109 1880 221 1948 ἑταῖρον
240 1878 285 1945 (al.
304 1879 463 1946 ἀνστήσειεν
483 1881 532 1945 ἑτ.)
552 1880 608 1934 187.
631 1881 655 1930 τ’
681 1881 710 1931 ἐκ
727 1875 834 1948 Κρόνου
851 1881 946 1948 (abre
963 1878 1094 1952 Κρόνου.)

111 1950 170 2000 621.
201 1946 287 2016 αὐτήν
316 1947 359 2013 (al.
380 1946 481 2016 ἀκτήν.)
511 1966 537 1999 π.
555 1949 597 1999 31.
626 1947 760 2016 Αἰναρέτῃ
790 1947 834 2015 (al.
852 1949 1019 2019 Αἰναρέτῃς.)
1035 1953 1094 2005 261.

108 2014 220 2085 ἔχοντας
237 2014 282 2083 (al.
301 2013 429 2085 ἔχοντες.)
446 2033 473 2083 ρ.
492 2017 549 2070 637.
568 2016 643 2083 δεῦρ’
660 2016 795 2084 ὁρόωντες
811 2015 856 2080 (al.
875 2021 920 2068 νῦν
939 2019 1093 2087 ὁρόωντες.)

109 2103 135 2136 υ.
151 2087 193 2136 28.
212 2085 244 2134 τέ
261 2101 304 2147 μιν
324 2083 368 2148 (al.
386 2082 415 2134 τί
428 2085 492 2151 μιν.)
512 2088 576 2151 114,
594 2091 666 2136 uto.
684 2087 748 2150 127,
767 2084 783 2151 ἡ
802 2084 833 2134 δ’
850 2081 943 2149 ἀμυδις
959 2084 1033 2156 (51.1)
1046 2087 1095 2152 δὲ.)

107 2153 139 2216 ψ.
160 2155 198 2204 18.
227 2151 411 2220 ἀνδροφονοῦς
439 2151 483 2219 (al.
501 2152 553 2203 ἀνδ
571 2151 689 2219 οφόνου.)
715 2172 745 2203 ω,
765 2156 820 2204 125.
847 2153 933 2222 κλισίῃ
963 2152 1007 2221 (al.
1025 2153 1094 2220 plur.

110 2218 233 2288 κλισίῃς)
249 2222 308 2273 344.
326 2218 417 2270 ἐθέλει
434 2218 478 2287 (al.
497 2171 600 2290 ἐθέλῃ.)
616 2223 674 2272 546.
696 2215 752 2270 Τῶν
771 2219 816 2287 (al.
838 2217 899 2286 Ta.)
917 2226 966 2274 etc.
1001 2221 1094 2290 Levia,

111 2285 206 2354 fateor,
223 2295 286 2341 sunt
303 2287 356 2340 ista
371 2302 493 2407 magnam
510 2296 623 2355 partem,
640 2302 691 2340 nec
708 2285 797 2354 qualia
813 2303 831 2341 a
846 2271 967 2341 lientleio
979 2289 1095 2343 Alexan-

109 2353 188 2408 drino
206 2362 358 2422 exspectes,
382 2369 410 2407 se
449 2355 520 2409 bona
541 2361 631 2409 tamen
654 2361 681 2408 et
698 2355 827 2422 appositis
844 2356 982 2423 scripturis
999 2356 1095 2412 mento

107 2422 237 2489 praelata.
273 2422 377 2490 Sumpsi
394 2428 484 2476 autem
500 2425 575 2491 haec,
593 2439 646 2477 non
664 2423 741 2489 clegi.
773 2460 776 2466 -

178 2506 214 2574 ²⁵)
231 2507 291 2561 Hoc
313 2523 389 2562 ame
412 2508 518 2576 saepius
540 2508 640 2562 factum
658 2516 706 2577 est,
729 2508 807 2563 modu
825 2508 988 2563 constantiae
1006 2525 1094 2580 causa,

110 2573 192 2628 modo
209 2582 320 2643 propter
336 2576 503 2631 manifestam
520 2577 711 2644 praestantiam
728 2592 826 2631 earum.
861 2577 898 2631 Ut
915 2578 937 2630 δ.
955 2582 1014 2632 235.
1032 2580 1094 2644 ψευ-

109 2642 188 2693 δέσσι
204 2659 253 2710 pro
272 2645 404 2708 ψεύδεσσι
421 2645 438 2698 i.
457 2662 479 2698 e.
499 2647 630 2711 ψευσταῖς
647 2661 673 2712 p.
691 2646 812 2711 ψεύδεσι.
836 2664 851 2698 ι.
870 2648 928 2700 317.
947 2652 1018 2715 etp.
1039 2651 1095 2703 148.

109 2709 154 2760 ἐπ’
174 2711 290 2780 ἀνδράσι
307 2729 333 2779 p.
350 2716 417 2776 μετ’
444 2714 568 2782 ἀνδράσι.
591 2714 613 2766 λ.
631 2717 673 2766 40.
699 2714 736 2776 ἀμ
759 2714 903 2783 ιστρερέες
922 2730 949 2781 p.
966 2715 1095 2783 ἀρφιστε-

106 2778 183 2845 φέες.
201 2781 259 2833 672.
282 2778 404 2851 βοηλασίῃ
440 2798 466 2848 p.
489 2780 638 2852 βοηλασίῃς
663 2781 706 2834 vel
750 2783 884 2851 οηλασίῃν.
904 2780 1094 2839 ξ.235.1δέω.

108 2861 136 2912 p.
160 2846 247 2899 εἰδέω.
272 2864 293 2902 ο.
315 2852 371 2903 114.
395 2800 420 2900 δ’
447 2847 509 2908 ἔπος
530 2847 600 2918 ῃόδα
622 2864 649 2915 p.
673 2849 702 2900 δὲ
725 2849 870 2918 προςῃόδα.
898 2852 954 2904 450.
980 2850 1094 2912 ἱεμένων

97 2929 135 2981 p.
154 2913 260 2984 ἱεμένῳ,
288 2918 449 2984 (quanquam
468 2917 548 2971 etiam
565 2917 627 2970 huic
644 2917 751 2984 ineptae
769 2916 924 2984 scripturae,
942 2916 1021 2970 hodie
1038 2916 1094 2973 vul·

107 2987 197 3048 gatae,
214 2982 365 3038 Aristarchi
382 2987 527 3039 auctoritas
545 2984 665 3052 additur,
691 3001 725 3038 ex
745 2986 835 3052 priore
853 2983 942 3039 forsan
960 2985 1095 3053 editione.)

108 3067 132 3101 ο.
150 3053 191 3103 24.
211 3051 296 3114 θυμόν
316 3067 342 3119 p.
360 3053 459 3115 dccccl
482 3072 509 3105 π.
527 3055 585 3106 633.
603 3053 706 3122 ὀρώρει
723 3069 749 3120 p.
767 3053 884 3122 όρωρεν.
916 3072 939 3108 υ.
958 3057 999 3108 35.
1016 3055 1094 3107 κέκα-

107 3133 172 3169 σται
189 3134 215 3185 p.
236 3119 351 3172 κέκαστο
369 3122 409 3175 77.
432 3121 550 3184 μάλιστά
567 3122 592 3174 ἑ.
609 3136 635 3188 p.
659 3121 776 3184 μάλιστά
793 3141 833 3190 γε.
853 3123 882 3187 ψ.
899 3124 957 3178 287.
975 3118 1024 3190 ὅγε
1043 3124 1094 3174 θεν

108 3200 136 3251 p.
155 3184 281 3254 ἔνερθεν.
315 3188 353 3242 Et
371 3191 432 3241 sunt
449 3188 510 3253 alia,
528 3189 556 3242 in
573 3188 669 3256 quibus
686 3188 826 3244 admodum
842 3205 944 3258 uereor,
961 3206 994 3243 ne
1042 3190 1096 3243 turi

109 3251 164 3305 sint
181 3254 273 3322 multi,
297 3257 343 3323 qui
368 3255 521 3311 tarditatem
538 3273 623 3311 meam
641 3257 777 3311 mirentur.
812 3255 848 3312 Ut
864 3258 892 3324 β,
909 3262 967 3312 402.
985 3256 1094 3326 ἀγαλλό

108 3337 181 3383 μενοι
224 3364 230 3374 .
256 3323 443 3390 ἀγαλλόμεναι.
466 3344 492 3395 ῃ.
516 3329 575 3378 420.
601 3326 757 3394 ἀτρόνοντο
782 3327 813 3394 (s.
836 3326 992 3395 ὀτρύνοντο)
1021 3327 1096 3386 νέκυς

109 3404 160 3456 pro
185 3337 306 3458 ciperon
332 3396 434 3452 νέκυας.
456 3411 472 3445 ι,
491 3396 549 3447 505.
574 3393 729 3478 εάῃομένοιο
752 3410 779 3462 p.
798 3393 965 3458 ecfeminato.
989 3392 1013 3453 ἒ.
1037 3396 1094 3450 178.

110 3457 181 3508 κατά
206 3474 233 3524 p.
254 3461 322 3513 ποτί.
352 3481 373 3514 τ.
393 3465 434 3515 95.
460 3459 530 3520 Ζεύς
555 3476 582 3528 p.
624 3467 683 3529 ῆνα.
709 3480 737 3530 φ.
756 3462 814 3516 587.
843 3461 927 3513 οἱκαὶ
952 3478 979 3530 p.
997 3458 1025 3514 ot
1038 3478 1096 3517 κεν.

107 3544 141 3576 ιο.
159 3528 217 3579 241.
237 3528 373 3581 δνόσασθε
390 3545 416 3596 p.
435 3527 561 3584 οὔνεσθε,
580 3535 630 3583 etc.
959 3542 981 3585 .“

922 3623 960 3664 Iu*
