2482 3960
554 293 726 346 -2..

142 452 205 496 sum
225 436 340 508 quidem
359 437 436 498 bona
455 444 486 496 et
505 438 677 507 tolerabilia,
698 439 750 498 sed
771 441 809 499 ad
829 442 1034 501 auctoritatem
1055 444 1146 503 nihilo

141 513 261 573 meliora
274 514 416 586 pessimis.
449 514 530 573 Iusta
544 520 641 572 autem
655 516 796 589 recensio,
816 517 958 576 bonorum
971 519 1146 578 instrumen-

140 593 235 648 torum
254 591 379 649 omnium
399 591 507 664 stipata
527 591 683 663 praesidio,
703 592 809 664 ubique
829 610 926 652 veram
944 611 1059 653 manum
1076 597 1145 654 scri-

139 666 231 739 ptoris
241 667 376 738 rimatur;
387 668 548 740 scripturae
559 668 705 739 cuiusque,
717 684 775 726 non
784 669 868 728 modo
880 677 1040 743 suspectae,
1053 677 1145 730 testes

141 741 243 801 ordine
263 743 434 815 interrogat,
456 748 486 801 et
506 759 592 815 quam
612 759 710 801 omnes
732 750 868 817 annuunt,
889 763 946 805 non
966 748 1021 804 nisi
1035 749 1144 820 gravis-

140 818 218 876 simis
240 817 276 877 de
290 820 384 877 causis
398 820 461 882 laco
476 825 586 890 movet3
608 820 674 891 alia,
696 836 750 892 per
763 837 795 878 se
810 822 952 893 scriptore
966 823 1143 895 dignissima,

114 909 126 948 s
141 898 171 952 et
184 892 222 952 ad
236 894 388 953 veritatem
399 910 452 953 seu
463 896 638 968 elegantiam
648 897 812 955 sententiae
822 898 939 970 optima,
954 915 1011 958 non
1021 900 1076 957 nisi
1086 898 1144 957 suf-

139 968 301 1043 fragatione
321 972 438 1030 testium
457 973 577 1045 recipit3
598 972 675 1030 baud
695 989 762 1032 raro
782 973 865 1046 adeo,
886 975 1055 1046 cogentibus
1074 977 1142 1044 illis,

137 1063 191 1119 pro
212 1048 339 1106 venustis
359 1047 446 1106 infert
465 1049 558 1106 minus
579 1054 715 1120 venusta3
736 1051 900 1124 emplastris
921 1052 1023 1109 solutis
1044 1053 1143 1109 ulcera

138 1122 242 1194 nudat3
265 1123 389 1196 denique
408 1141 465 1184 non
485 1130 646 1184 monstrata
660 1126 762 1198 solum,
784 1133 817 1184 ut
830 1128 899 1184 mali
912 1127 1025 1197 medici,
1047 1128 1143 1186 sedet

137 1200 260 1258 latentia
279 1201 350 1258 vitia
370 1206 460 1259 curat.
501 1201 565 1259 Hac
584 1201 614 1258 in
633 1202 746 1260 ratione
767 1204 885 1260 tametsi
904 1204 1020 1275 ingenio
1042 1209 1071 1261 et
1085 1205 1142 1261 arti

138 1275 320 1334 coniectandi
333 1276 449 1334 minime
463 1277 542 1335 locus
557 1276 648 1348 deest,
670 1282 766 1335 tamen
781 1280 914 1349 quoniam
929 1280 1020 1338 omnis
1034 1281 1141 1337 veteris

138 1353 299 1423 scripturae
315 1351 385 1409 fides
400 1352 436 1410 ab
451 1353 624 1426 incorruptis
637 1355 826 1411 monumentis
836 1354 954 1427 pendet,
968 1361 1035 1412 ante
1046 1357 1142 1414 omnia

138 1433 182 1486 est
202 1426 418 1500 elaborandum,
439 1428 470 1486 id
491 1428 569 1500 quod
589 1427 651 1486 fieri
674 1435 752 1487 certe
772 1432 872 1502 nequit
887 1432 948 1488 sine
962 1432 1087 1502 ingenio,
1109 1437 1142 1488 ut
1180 1482 1184 1487 ,

139 1503 269 1577 fontium,
290 1504 366 1562 unde
387 1505 524 1577 cuiusque
545 1505 694 1577 scriptoris
717 1511 812 1565 textus
831 1507 990 1578 hauriatur,
1011 1507 1148 1580 proprie-¹

136 1585 212 1639 tates
235 1585 264 1637 et
284 1581 461 1652 singularem
482 1587 615 1639 naturam
636 1587 811 1654 scrutemur;
836 1584 930 1642 varios
956 1589 1061 1654 testes,
1087 1599 1141 1655 per

136 1656 247 1715 classes
269 1662 299 1714 et
318 1656 442 1716 familias
464 1657 635 1731 dispositos,
665 1675 700 1716 ex
725 1675 778 1716 sua
798 1675 939 1731 quemque
958 1659 1054 1717 indole
1081 1675 1140 1716 me-

137 1734 258 1802 tiamur,
288 1739 376 1804 atque
401 1733 563 1793 calliditate
590 1735 729 1806 quadam,
760 1751 814 1793 nec
837 1736 887 1792 illa
907 1741 1004 1792 tamen
1024 1734 1139 1805 cupida,

138 1824 237 1868 eornm
256 1814 392 1881 tanquam
413 1824 497 1868 voces
518 1815 548 1868 et
567 1816 653 1868 nutus
674 1811 808 1882 excipere
829 1808 981 1867 discamus.
1022 1810 1138 1867 Etenim

137 1885 167 1942 in
192 1885 321 1957 plurimis
349 1884 436 1942 rebus
462 1890 492 1943 et
513 1885 634 1958 Oritico,
661 1891 691 1943 et
711 1885 872 1957 quicunque
891 1885 948 1943 sibi
966 1902 1027 1944 rem
1048 1885 1138 1944 histo-

137 1963 228 2020 ricam
249 1960 454 2033 exquirendam
474 1962 611 2035 sumpsit,
639 1960 779 2019 imitanda
800 1967 845 2019 est
864 1962 931 2020 boni
950 1962 1052 2020 iudicis
1074 1979 1139 2021 con-

138 2039 261 2097 suetudo
282 2044 312 2096 et
332 2037 501 2110 prudentia3
522 2038 570 2109 qui
590 2038 680 2111 prius,
702 2037 770 2109 quid
790 2043 880 2096 testes
901 2037 1039 2110 afferant,
1060 2039 1138 2095 lente

139 2115 285 2188 explorat,
313 2120 343 2171 et
366 2114 463 2173 omnia
482 2115 612 2172 veritatis
640 2119 811 2186 argumenta
831 2114 953 2185 colligit,
979 2130 1064 2185 quam
1094 2114 1139 2171 rei

138 2197 240 2263 gestae
259 2190 453 2250 coniecturam
467 2207 547 2248 suam
561 2191 746 2262 interponere
767 2188 882 2249 audeat.
921 2190 965 2247 Ac
985 2206 1021 2247 ne
1040 2195 1139 2262 potest

138 2267 254 2338 quidem
278 2265 354 2339 fieri,
381 2273 413 2324 ut
438 2267 487 2338 qui
513 2267 614 2339 paucis
634 2265 794 2338 codicibus,
816 2266 915 2337 quales
935 2266 1021 2338 vulgo
1041 2281 1139 2324 occur-

136 2348 221 2415 runt,
246 2341 337 2401 fretus
358 2342 551 2402 coniecturam
572 2343 700 2414 quamvis
721 2343 907 2415 sagacissime
934 2347 1068 2400 exerceat
1097 2342 1140 2398 in·

136 2420 235 2477 multis
255 2423 383 2476 veterem
405 2435 440 2477 ac
460 2435 625 2491 germanam
646 2419 817 2491 scripturam
844 2422 1024 2489 assequatur.
1064 2417 1138 2476 Nam

137 2500 170 2553 ut
201 2495 230 2552 in
260 2495 346 2554 rebus
366 2494 528 2554 iudicandis
554 2495 718 2555 tabularum
744 2500 774 2553 et
798 2495 960 2554 litterarum
989 2495 1139 2567 penuriam
1166 2509 1168 2514 ·

137 2571 284 2644 ingenium
304 2586 489 2645 compensare
509 2572 617 2629 nullum
646 2576 757 2644 potest3
781 2571 824 2630 ita
844 2571 984 2629 acerrima
1005 2570 1066 2628 eius
1086 2570 1138 2640 vis,

66 2665 67 2668 ¹
137 2664 194 2706 non
215 2653 378 2720 temperata
399 2653 429 2706 et
448 2647 570 2717 subacta
589 2648 705 2706 assiduo
725 2663 781 2705 usu
805 2645 958 2718 librorum,
988 2647 1018 2704 in
1048 2645 1138 2705 histo·

136 2725 206 2782 ricis
228 2730 258 2782 et
278 2724 383 2782 criticis
404 2723 491 2782 rebus
511 2722 620 2783 frustra
638 2723 760 2783 laborat.
788 2723 901 2797 Quippe
920 2723 976 2781 hae
996 2728 1138 2793 utraeque

115 2816 190 2860 eres
218 2801 311 2872 magis
331 2801 445 2859 nominc
465 2816 550 2872 quam
571 2816 677 2872 genere
697 2800 775 2857 inter
794 2816 825 2858 se
846 2799 995 2871 differunt,
1014 2814 1069 2856 nec
1096 2797 1138 2854 di·

140 2877 232 2936 versis
252 2882 388 2935 tenentur
406 2875 553 2934 iudicandi
570 2876 688 2948 regulis.
728 2876 830 2948 ltaque
843 2882 877 2934 ut
888 2876 1044 2948 ingenium,
1063 2874 1139 2932 sicut

78 2967 82 2974 ·
136 2970 191 3027 par
211 2958 264 3026 est,
284 2952 509 3010 membranaceis
530 2952 674 3010 thesauris
694 2953 780 3024 longe
801 2950 960 3025 praeferas,
982 2951 1136 3024 plurimum

136 3036 233 3088 mmen
258 3030 380 3087 interest
399 3028 490 3100 ipsius
516 3028 639 3100 ingenii,
666 3045 751 3100 qnam
770 3028 909 3100 plurimos
929 3027 1043 3086 codices
1064 3042 1138 3085 com·

137 3106 245 3179 parari,
267 3120 387 3177 quorum
407 3105 579 3163 testimoniis
593 3104 730 3162 iudicium
744 3103 781 3162 de
796 3120 866 3163 vera
879 3105 1004 3162 lectione
1017 3103 1136 3173 nitatur,

138 3188 167 3240 et
186 3182 283 3240 multis
308 3181 400 3240 modis
430 3180 583 3239 adiuvetur
603 3180 750 3239 divinatio.
792 3180 887 3252 Quare
918 3196 974 3252 quo
1004 3177 1137 3250 frequen·

136 3259 194 3318 tius
224 3258 348 3330 scriptor
377 3258 480 3328 aliquis
514 3256 552 3315 ad
580 3257 710 3315 codicum
730 3257 912 3316 collationem
937 3261 1055 3316 vocatus
1083 3260 1136 3325 est,

137 3351 171 3394 eo
197 3335 288 3406 magis
316 3334 393 3392 iusta
418 3334 469 3392 illa
489 3339 519 3392 et
538 3339 673 3392 constans
694 3335 825 3392 recensio
851 3334 945 3392 locum
973 3331 1076 3390 habet:
1107 3331 1137 3387 in

139 3411 244 3470 ceteris
265 3411 313 3482 qui
333 3410 427 3469 adhuc
447 3410 594 3482 paucitate
616 3409 809 3468 subsidiorum
822 3410 964 3480 laborant,
984 3406 1062 3466 haud
1077 3407 1136 3464 scio

135 3503 176 3547 an
207 3487 430 3560 multiplicandis
451 3491 595 3546 textorum
615 3485 713 3545 formis
732 3486 806 3546 haec
829 3484 941 3558 studia,
970 3483 1054 3565 nimis
1083 3497 1138 3554 per
