2482 3960
569 473 623 559 L.

177 603 217 661 At
235 603 373 662 historiae
387 604 468 675 quasi
481 603 644 673 obloquitur
657 603 719 675 ipse
733 609 824 672 vates,
845 608 874 661 et
887 608 987 662 contra
1000 608 1090 663 testa·

100 686 149 737 tur
173 696 273 737 sensus
299 681 431 753 legentis.
469 680 569 750 Neque
593 695 661 736 vero
690 680 732 736 ita
752 679 911 739 deformata
932 686 961 738 et
981 679 1090 738 difficta

101 761 169 813 sunt
189 755 336 827 Carmina,
362 757 443 814 utin
462 755 547 814 rebus
568 756 687 827 singulis
707 757 820 829 priscae
841 763 871 815 et
890 773 959 814 suae
979 755 1088 816 formae

101 833 184 889 nimis
198 832 347 890 dissimilia
362 848 425 890 esse
437 832 597 891 videantur.
629 833 717 890 Immo
731 839 891 904 congruunt
903 833 933 889 in
945 833 980 891 iis
995 835 1089 892 omnia

102 907 193 966 ferme
211 911 241 966 in
260 909 336 967 idem
356 910 510 980 ingenium,
535 909 566 964 in
585 907 701 967 eosdem
719 925 823 980 mores,
843 910 873 965 in
893 910 1013 968 eandem
1031 908 1089 969 for·

101 987 209 1043 mulam
228 985 370 1043 sentiendi
389 991 419 1043 et
437 984 581 1056 loquendi.
614 984 688 1041 Eam
707 999 768 1041 rem
781 986 901 1056 quisque
914 986 1012 1043 intime
1025 1001 1089 1043 sen·

101 1064 148 1133 tit,
168 1063 218 1133 qui
237 1067 370 1120 accmate
391 1067 421 1120 et
440 1078 504 1120 cum
524 1077 609 1118 sensu
628 1061 713 1131 legit:
740 1076 775 1117 ac
794 1076 830 1117 ne
849 1060 881 1117 id
900 1062 1006 1118 sentias
1025 1067 1088 1119 tan-

100 1145 170 1209 tum,
190 1138 242 1195 sed
255 1140 349 1196 causis
368 1139 427 1196 suis
447 1153 612 1209 cognoscas,
632 1152 719 1209 saepe
732 1136 786 1194 tibi
799 1136 835 1194 ab
849 1136 893 1194 his
908 1136 1087 1195 Carminibus

102 1214 140 1272 ad
158 1214 339 1286 Apollonium
358 1213 521 1285 Rhodium,
550 1213 588 1271 ad
612 1213 684 1272 ahos
704 1212 912 1271 Alexandrinos
937 1218 1039 1285 poetas
1060 1219 1089 1272 et

100 1291 140 1348 ad
160 1306 233 1361 eum,
258 1292 307 1361 qui
326 1292 412 1362 vulgo
431 1290 550 1349 Homeri
568 1291 663 1362 imago
683 1295 811 1361 putatur,
838 1290 975 1360 Quintum
994 1289 1089 1362 Smyr-

101 1382 205 1424 naeum
223 1366 474 1425 transcurrendum
494 1372 546 1425 est.
580 1365 656 1438 Quid
675 1367 790 1423 autem?
810 1365 835 1422 si
848 1364 996 1424 mirificum
1007 1367 1088 1423 illum

81 1484 83 1489 -
103 1448 270 1502 concentum
289 1448 453 1501 revocatum
476 1445 506 1500 in
530 1442 629 1515 primis
648 1441 809 1499 Aristarchi
829 1443 954 1513 eleganti
973 1443 1087 1514 ingenio

101 1525 134 1577 et
153 1519 301 1577 doctrinae
320 1517 466 1576 debemus.
500 1518 594 1590 Quid?
614 1520 638 1576 si
657 1519 704 1575 hic
723 1519 785 1590 ipse
806 1518 946 1577 Zenodoti
966 1524 997 1576 et
1016 1519 1088 1589 auti·

101 1596 219 1667 quiores
243 1595 478 1667 interpolationes
502 1596 662 1666 multosque
689 1594 809 1653 absonos
833 1610 932 1652 versus
956 1595 1088 1666 'sustulit3

102 1672 178 1730 tales
197 1671 271 1743 dico,
292 1672 392 1742 quales
412 1672 510 1744 paullo
523 1675 590 1729 ante
608 1672 706 1730 notavi
713 1671 763 1742 ³⁰):
784 1671 923 1744 quosqui
937 1669 1011 1730 forte
1025 1687 1089 1728 eru-

102 1755 148 1807 tos
167 1749 250 1806 nobis
267 1749 442 1820 postliminio
461 1749 614 1806 restituere
634 1748 722 1806 vellet
741 1764 830 1810 novus
851 1747 953 1820 editor,
979 1747 1088 1806 ridere·
1101 1786 1141 1826 ,ω

100 1831 159 1896 tur,
178 1832 212 1884 ut
231 1827 341 1896 opinor,
361 1825 397 1883 ab
417 1825 452 1882 iis
471 1825 551 1897 ipsis,
571 1824 620 1895 qui
639 1840 714 1882 nunc
732 1824 893 1882 Aristarchi
912 1840 1031 1882 acumen
1050 1825 1088 1881 ri·

101 1901 181 1959 dent.
222 1901 315 1972 Quid?
348 1903 373 1959 si
397 1900 604 1973 Aristophanes
629 1907 659 1958 et
683 1899 866 1958 Aristarchus
891 1901 1089 1973 comparandis

103 1979 256 2035 vetustatis
280 1978 468 2036 monumentis
493 1977 622 2036 omnibus
646 1978 794 2048 proprium
820 1978 924 2034 aetatis
952 1978 1089 2047 cuiusque

101 2069 203 2112 sonum
224 2060 254 2110 et
272 2053 415 2126 legitimas
435 2054 569 2124 antiquae
588 2053 725 2110 orationis
745 2049 850 2108 formas
870 2053 1039 2123 calluerunt,
1060 2058 1090 2110 et

102 2129 192 2188 iidem
205 2130 332 2201 Hymnus
346 2136 514 2199 ceterosque
526 2128 623 2198 libros,
643 2129 710 2185 olim
722 2142 826 2196 magno
838 2143 957 2186 numero
970 2128 1090 2186 Homeri

103 2206 217 2266 nominc
237 2205 408 2276 venditatos,
428 2204 695 2276 tanquam‘spurios
714 2202 868 2261 Homerica
887 2201 996 2262 familia
1015 2221 1089 2261 sum·

99 2287 259 2353 moverunt,
279 2281 420 2353 primique
438 2281 468 2337 in
488 2280 542 2338 hoc
561 2295 666 2352 genere
686 2279 796 2338 altioris
817 2295 852 2336 ac
871 2279 1028 2338 subtilioris
1047 2281 1090 2336 iu,-

99 2359 183 2430 dicii,
208 2358 260 2416 sed
287 2357 447 2416 hominibus
467 2356 585 2415 Graecis
609 2356 700 2412 minus
733 2353 871 2426 difficilis,
895 2357 1090 2415 excelluerunt

98 2441 189 2507 atque
207 2436 357 2507 praeclara
377 2434 507 2505 exempla
526 2431 719 2505 dederuntil).

170 2597 207 2656 ⁵⁰>
232 2595 264 2647 In
285 2592 356 2648 notis
377 2597 419 2648 45.
437 2599 464 2646 et
481 2595 523 2646 46.
565 2590 675 2659 Illisque
701 2589 824 2645 addenda
845 2591 952 2646 videtur
973 2592 1089 2646 maxima

100 2679 165 2732 pars
181 2678 305 2717 ramnum
323 2677 423 2727 eornm,
441 2661 487 2728 qui
504 2660 654 2727 invulgati
671 2666 761 2713 nostro
779 2664 857 2714 textu
874 2660 962 2714 adhuc
978 2661 1089 2714 haeren-

103 2743 153 2798 tes,
170 2730 235 2783 mihi
252 2730 371 2798 plerique
390 2728 516 2795 uncinati,
544 2726 623 2795 plane
640 2727 738 2781 absunt
754 2726 788 2780 ab
809 2728 909 2800 optimo
927 2728 1018 2782 codice
1036 2728 1088 2782 Ve-

103 2806 176 2852 neto.
218 2797 335 2852 Numero
357 2804 419 2850 sunt
441 2801 483 2850 46.
522 2795 579 2849 Nec
600 2796 695 2849 horum
720 2795 805 2862 magis
826 2811 907 2863 quam
923 2796 1029 2850 illorum
1054 2796 1088 2849 ab

103 2865 228 2920 Eustath.
247 2872 411 2922 servatorum
428 2863 554 2917 indicium
572 2861 603 2915 fit
619 2864 648 2915 in
664 2861 777 2917 Scholiis
793 2863 898 2915 nostris.

172 2953 207 3016 11)
224 2950 318 3019 Neque
336 2949 420 3002 solum
437 2948 464 3001 in
481 2949 601 3016 Hymnis,
619 2954 649 3000 ut
665 2955 739 3014 puto.
770 2946 838 3000 Nam
856 2946 891 3000 ad
907 2946 966 3010 illos
983 2947 1088 3013 potissi·

103 3035 176 3073 mum
194 3019 305 3072 criticos
322 3019 364 3070 vel
382 3016 524 3083 discipulos
541 3031 632 3069 eorum
649 3015 793 3081 retulerim,
811 3014 884 3082 quod
901 3013 1095 3069 eruditioribus

100 3086 237 3140 aetatibus
259 3085 360 3139 nullum
385 3084 521 3138 ferebatur
542 3084 751 3151 ὁμολογούμενον
772 3085 886 3152 γράμμα
908 3089 957 3152 τῆς
977 3082 1088 3152 Ὀμήρου

104 3156 237 3224 ποιήσεως
254 3153 448 3239 πρεςβότερον,
466 3159 497 3205 ut
508 3152 546 3204 ait
557 3152 662 3218 Ioseph.
684 3153 741 3217 [ποί
756 3169 794 3214 μα
811 3151 888 3202 οὐδὲν
901 3150 1038 3219 πρεςβύτε
1058 3169 1087 3200 ον

106 3223 168 3292 ἧκεν
189 3223 227 3282 εἰς
260 3227 314 3286 μᾶς
330 3226 380 3288 τῆς
393 3219 501 3290 θμὴρου
519 3221 657 3289 ποιήσεως,
674 3170 833 3273 Pindario
852 3234 894 3285 ap.
908 3219 1016 3272 Sextum
1052 3234 1090 3270 m·

105 3294 156 3358 pir.
173 3291 232 3344 adv.
281 3332 287 3342 .
308 3295 330 3355 1,
347 3291 417 3356 204]
454 3288 506 3342 Sed
529 3287 562 3340 de
580 3288 691 3355 Hymnis
708 3303 792 3355 prope
811 3293 976 3353 compertum
993 3285 1088 3351 habeo,

103 3357 177 3426 quod
193 3358 271 3412 modo
290 3357 352 3424 dixi,
374 3355 477 3409 nullum
494 3356 631 3409 doctorum
646 3355 887 3408 Alexandrinorum
904 3368 949 3407 eos
966 3370 1015 3421 pro
1032 3354 1088 3406 Ho-

105 3426 202 3480 mereis
218 3425 349 3479 habuisse.
384 3423 473 3476 Etiam
494 3423 539 3477 hic
561 3423 666 3476 silentia
683 3425 834 3492 loquuntur.
862 3420 924 3475 Non
941 3421 1012 3489 qnod
1029 3421 1088 3474 tali-

103 3494 155 3547 bus
173 3490 408 3562 significationibus
418 3490 530 3544 multum
543 3491 665 3558 tribuam,
683 3491 768 3561 qualis
780 3496 821 3544 est
832 3505 875 3558 ap.
887 3491 1009 3557 Apollcn.
1020 3489 1091 3544 Lex.

898 3583 938 3624 11⁰
