2482 3960
519 204 698 304 -1'29-

110 396 189 470 quod
208 396 368 456 identidem
387 398 609 471 computandum
630 404 684 471 eat,
708 398 735 456 si
752 398 828 458 forte
843 401 1028 474 exemplaria,
1049 404 1111 474 qui·

107 475 162 534 bus
182 474 328 546 utebatur,
354 475 465 533 mendis
485 475 635 546 mqumata
656 483 740 534 erant
760 483 790 534 et
809 476 897 549 vitiis,
924 479 1021 549 qualia
1040 496 1110 538 uon·

106 551 186 609 nulla
205 551 303 623 paullo
323 558 391 609 ante
411 551 649 624 cognovimusw).
689 552 803 610 Numne
816 553 906 625 igitur
919 554 1109 614 absurdorum
1123 571 1161 611 aro

107 627 250 699 omnium,
277 643 351 699 quae
376 628 543 687 Zenodotea
568 628 717 701 dicuntur,
742 646 816 687 unus
841 630 923 689 uobis
943 632 1108 691 Zenodotus

107 720 178 762 reus
197 703 327 776 agendus
348 705 423 763 erit?

186 780 227 838 At
250 781 436 853 interpolavit
461 781 525 853 ipse
549 781 707 851 quaedam,
730 783 910 854 mutavitque
929 790 1045 856 poetam
1071 785 1110 843 ad

108 854 262 914 libidinem
291 873 373 914 suam
401 863 431 914 et
450 858 565 930 priscae
585 858 724 916 orationis
743 874 911 930 morumque
930 860 1110 920 heroicorum

109 932 303 991 inscientiam.
342 933 376 992 Id
395 935 495 1004 ntique
515 940 653 991 accusant
673 933 866 1009 Scholiastae3
885 952 940 993 nec
960 938 1110 1009 quisquam

109 1008 240 1067 dubitet:
262 1010 318 1067 etei
336 1026 476 1081 nusquam
497 1010 568 1066 satis
582 1010 771 1082 distinguunt,
792 1011 861 1082 qnid
875 1011 938 1084 ipse
952 1013 988 1070 de
1002 1031 1053 1073 suo
1067 1015 1109 1071 in-

107 1085 234 1155 vexerit,
247 1085 316 1157 quid
329 1088 396 1145 olim
410 1088 557 1159 vulgatum
571 1085 763 1158 inveneritw).
798 1086 906 1146 Contra
918 1089 1007 1147 iidem
1023 1107 1160 1162 quae-211

177 1264 213 1332 ⁷⁹)
231 1264 296 1332 Cap.
314 1264 452 1318 XXXVII.
471 1280 511 1332 sq.
546 1265 578 1318 In
596 1264 689 1332 priuris
706 1265 760 1318 buc
777 1265 850 1318 refer
866 1264 964 1320 menda
981 1266 1109 1335 antiquis·
1166 1228 1168 1233 Ι

107 1332 192 1387 murae
210 1333 368 1400 scripturae,
386 1332 547 1386 continentis
566 1341 594 1386 et
606 1332 780 1399 imperfectae
792 1333 863 1386 notis
874 1333 1034 1403 litterarum,
1051 1343 1109 1388 tum

107 1399 282 1455 oscitationes
299 1400 469 1454 librariorum
488 1400 516 1452 in
535 1401 604 1454 codd
631 1402 670 1460 εἰς
688 1403 788 1470 πρόοιν
806 1418 857 1470 μεν
878 1402 1019 1466 ομμένοις,
1042 1418 1108 1469 quos

105 1467 203 1522 Strabo
227 1467 293 1521 dicit
321 1475 386 1522 noto
414 1468 473 1522 loeo
498 1468 574 1522 XIII.
597 1485 625 1535 p.
649 1471 708 1523 609.
730 1471 811 1536 (907.)
867 1470 991 1522 osteriori
1017 1471 1109 1538 generi

105 1534 284 1590 adscribenda
301 1543 364 1590 cunt
380 1535 546 1590 hauddubie
564 1536 658 1602 multa,
689 1552 758 1603 quae
776 1551 811 1589 ex
828 1537 887 1590 aliis
905 1536 979 1590 libris
996 1537 1024 1590 in
1042 1538 1108 1592 alios

105 1603 170 1658 olim
188 1603 328 1670 transuta,
346 1618 417 1657 nunc
434 1604 562 1658 honorem
580 1606 710 1656 variarum
728 1607 861 1656 actionum
878 1605 1007 1658 obtinent.
1033 1605 1107 1659 Prio-

105 1671 145 1725 riu
171 1672 462 1792 euutdpermntaiiones
485 1673 625 1739 longarum
645 1679 672 1724 et
690 1672 809 1725 brevium
827 1673 973 1751 vocalium,
1000 1672 1033 1726 de
1051 1674 1108 1742 qui-

106 1739 160 1794 bus
176 1755 201 1793 v.
220 1754 237 1792 a
277 1739 300 1794 λ.
321 1743 377 1795 104.
403 1738 428 1798 ξ.
447 1745 489 1794 46.
508 1759 533 1794 ο.
553 1744 609 1794 198.
629 1758 657 1807 φ.
678 1744 733 1796 127.
749 1759 778 1811 χ.
795 1743 854 1795 236.
872 1741 918 1794 ubi
936 1757 961 1794 v.
978 1739 1107 1795 Valcken.

107 1813 137 1860 et
153 1807 299 1861 varietates
315 1807 477 1875 huiusmodi,
493 1811 522 1870 μ’
540 1809 694 1877 εἰρόμενος,
712 1809 883 1878 μειρόμενος,
901 1827 926 1878 η.
946 1811 1003 1864 127.
1021 1810 1054 1862 ci'.
1073 1809 1108 1862 ad

107 1893 125 1928 ι.
142 1879 211 1998 62Ιὲὅ
229 1905 274 1996 ὦ
280 1875 420 1945 ἐξελόμην,
439 1875 473 1935 ἓξ
488 1876 598 1945 ἑλόμην,
620 1895 635 1929 ι.
660 1880 716 1931 130.
744 1906 776 1916 -
801 1875 943 1946 ἐξήλατον,
963 1875 1106 1947 ἐξήλατον,

103 1960 135 2006 μ
174 2030 211 2097 ⁸⁰)
227 1984 425 2098 Nonnunquam
444 2029 484 2081 illi
501 2029 609 2097 quidem
630 2030 670 2082 ita
687 2029 843 2096 loquuntur,
861 2035 892 2082 nt
908 2028 997 2095 ipsum
1007 2029 1037 2082 Z.
1056 2030 1107 2083 lec·

102 2096 208 2150 tionum
232 2113 341 2151 suarum
364 2103 502 2150 auctorem
532 2113 580 2150 seu
612 2097 812 2150 emendatorem
838 2095 929 2149 iacere
951 2096 1106 2163 videantur3

103 2165 403 2287 ffinnqnamuetmm
425 2163 554 2285 peridnde,
585 2165 663 2232 quasi
688 2165 827 2286 exemglar
850 2163 908 2217 eius
934 2163 962 2216 in
984 2165 1106 2218 manibus

103 2315 168 2353 eum
180 2247 309 2354 {moniale
320 2236 744 2367 ηοηηηηηοεοθχηίὲὲηέηηοττουῐ,
782 2247 831 2285 nos
848 2247 942 2285 versus
959 2252 982 2287 τ.
1000 2236 1105 2301 246111.

204 2382 245 2437 ’Ex
261 2386 295 2438 δ’
313 2383 378 2454 ἄγον
397 2386 466 2438 ἑπτὰ
484 2387 621 2454 γυναῖκας,
639 2385 765 2450 ἀμύμονα
783 2385 841 2454 ἔργ’
860 2385 968 2451 εἰδυίας,

207 2451 247 2521 ἕξ,
265 2454 339 2524 ἀτὰρ
356 2453 513 2523 ἑβδομάτην
532 2451 666 2523 Βρισηΐδα
682 2453 877 2523 καλλιπάρῃον,

102 2537 197 2593 dicum
214 2536 260 2605 ibi,
278 2544 306 2591 et
322 2537 417 2606 paucis
435 2538 494 2592 aliis
511 2538 585 2606 leciri,
609 2539 740 2607 γράφει
758 2537 970 2609 Ζηνόδοτος,
995 2539 1106 2593 instanti

102 2610 234 2673 tempore,
253 2605 329 2659 cuius
346 2605 482 2673 legitimus
500 2621 564 2660 usus
583 2613 625 2659 est
643 2606 671 2658 in
688 2607 770 2675 libne,
789 2608 834 2674 qui
852 2609 932 2674 vulgo
944 2607 972 2660 in
983 2608 1105 2661 manibus

102 2678 176 2727 911116,
209 2672 253 2728 Sic
270 2680 312 2727 est
329 2672 528 2743 Ζηνόδοτος
546 2674 615 2740 (cod.
635 2675 760 2743 σύνοδος)
780 2676 987 2741 ὑποτάσσει,
1005 2692 1046 2729 ex.
1065 2693 1105 2743 gr.

101 2739 139 2795 ad
157 2760 181 2794 ν.
198 2744 256 2796 808.
274 2742 318 2794 cui
334 2742 424 2795 versui
440 2742 513 2796 bunc
531 2742 643 2809 addidit,

133 2828 139 2833 ”
257 2825 321 2896 Λίην
339 2827 395 2894 γάρ
414 2846 476 2894 σφιν
494 2831 577 2879 πᾶσιν
596 2828 718 2897 ἐκέκριτο
736 2828 845 2897 δάρσεϊ
858 2827 957 2898 πολλῷ,

100 2914 134 2964 ut
150 2910 241 2964 versui
259 2910 284 2969 Ε.
304 2914 361 2965 136.
378 2910 458 2978 hunc,
477 2927 563 2980 aeque
582 2912 712 2979 ineptum,

307 2993 431 3065 Ἀντιδέῳ
452 2992 559 3058 Φοίνικι,
580 2998 678 3048 όπάονι
696 2994 857 3066 Πηλείωνος.

99 3079 146 3134 vel
164 3080 330 3149 πεποίηκε
348 3081 388 3148 Ζ,
406 3088 436 3133 ut
450 3100 478 3151 χ.
497 3085 556 3136 378.
575 3096 655 3149 quem
673 3082 711 3134 sic
729 3082 804 3150 legit,

257 3164 377 3234 Ἀτρείδη
395 3184 425 3218 τε
445 3167 488 3218 καὶ
505 3165 578 3219 ἄλλοι
597 3169 728 3236 ἀριστῆες
745 3166 917 3239 Παναχαιῶν.

97 3250 146 3304 vel
169 3250 332 3320 τέταχεν,
356 3259 386 3303 ut
411 3251 510 3304 δ.123.
543 3255 587 3305 cui
613 3269 691 3320 eum,
715 3254 762 3321 qui
786 3255 878 3307 ordine
899 3253 1036 3320 proximus
1055 3260 1103 3321 est,

97 3333 168 3387 prae
188 3317 271 3384 osuit,
296 3326 326 3370 ut
351 3317 374 3377 ξ.
393 3323 452 3372 394.
470 3336 550 3387 quem
569 3337 628 3374 cum
647 3330 776 3388 sequente
794 3331 856 3388 post
873 3327 932 3376 399.
951 3321 1103 3374 collocavit:

98 3386 145 3440 vel
162 3334 278 3454 ‹ienique
296 3387 535 3455 μετέγραφεν,
562 3396 593 3440 nt
616 3389 699 3466 (latal.
726 3394 782 3442 188.
801 3393 883 3456 (681.)
910 3389 985 3442 cuius
1004 3390 1063 3442 loco
1082 3391 1104 3442 si

99 3453 286 3509 Zenodoteum
304 3454 464 3522 legerem,
482 3471 532 3523 per
551 3471 579 3510 sc
598 3458 704 3512 mimme
722 3459 830 3524 malum,

125 3549 215 3598 Wcll,
228 3549 397 3598 Prolegomcna.
638 3585 645 3597 .
938 3558 950 3594 9
