2482 3960
512 303 690 356 —103—

98 449 204 509 Iehova
224 465 289 509 cnm
309 448 428 508 Achabo
447 449 470 507 Ι.
490 448 584 522 Ragg,
605 448 699 507 XXII.
742 447 800 506 Sed
813 447 947 522 Hippias,
969 448 1099 507 acumine

99 527 210 585 artibus
229 526 358 599 Loyolae
378 525 480 598 digno,
506 524 626 584 verbnm
650 523 764 602 δίδομεν
784 525 907 584 mutavit
926 525 956 582 in
976 522 1100 605 διδόμεν,

98 601 268 661 infinitivum
287 618 342 675 pro
360 603 532 675 imperativo
553 601 761 676 accipiendum,
787 607 820 660 ut
840 602 1033 675 transpositus
1055 618 1102 660 ae·

99 685 199 737 centus
219 680 335 752 culpam
353 677 464 736 fraudis
485 695 503 736 a
522 679 590 738 Iove
617 679 753 737 reiiceret
772 679 802 734 in
823 677 978 736 Somnium.
1017 677 1102 737 Alter

98 757 180 814 locus
202 761 248 813 est
266 752 298 832 ψ.
319 762 400 828 328.,
430 753 467 813 ab
495 756 544 813 illo
570 756 613 813 ita
642 762 788 814 correctus
815 759 849 811 ut
874 754 960 814 hodie
984 755 1101 827 legitur.

99 831 159 892 Ubi
179 832 205 889 si
223 831 348 905 Hippias
367 832 476 905 primus
498 832 566 891 olim
581 833 728 903 vulgatum
743 826 777 887 ob
788 831 908 904 expulit,
930 832 1102 902 aequalesve

100 909 163 966 eius
188 908 261 966 alias
285 909 359 967 tales
390 909 549 981 scripturas
576 909 606 965 in
632 908 771 981 exemplis
804 908 863 964 suis
895 914 1102 980 propagarunt,

100 984 193 1056 qualis
212 1001 305 1058 nuper
324 1000 360 1043 ex
379 982 533 1048 πολιτικοῖς
553 985 670 1057 cognita
691 991 735 1043 est
748 985 778 1041 in
788 1003 820 1059 φ.
835 990 901 1041 454.
917 981 1103 1061 θηλυτεράων

98 1075 153 1134 pro
172 1059 361 1120 Aristarchea
381 1059 579 1138 τολεδαπάων,
599 1059 684 1118 facile
704 1060 877 1132 intelligitur
898 1075 933 1117 ex
952 1060 997 1117 his
1012 1061 1104 1132 speci-

99 1136 233 1210 minibus,
253 1153 339 1212 quam
359 1139 458 1210 turpia
477 1138 549 1196 vitia
567 1138 716 1195 haeserint
729 1139 759 1194 in
774 1135 912 1208 exemplis
925 1135 1010 1193 huius
1024 1141 1103 1195 aeta-

98 1214 146 1272 tis.
181 1213 240 1273 Sed
268 1214 305 1272 de
331 1214 388 1273 illis
413 1215 499 1287 plura
523 1215 592 1272 lieet
618 1215 761 1287 suspicari
782 1229 866 1286 quam
887 1213 969 1270 scire.
1011 1213 1105 1284 Qumn

100 1295 199 1349 autem
229 1306 279 1350 eos
305 1306 419 1363 quoque
439 1292 517 1351 locos
538 1290 668 1363 Homeri,
689 1292 737 1363 qui
761 1290 797 1349 ab
817 1288 968 1348 Herodoto
990 1294 1020 1347 et
1040 1289 1104 1348 aliis

100 1366 310 1438 antiquioribus
330 1367 519 1440 scriptoribus
539 1367 704 1440 laudantur,
724 1384 781 1427 non
801 1383 868 1425 raro
889 1382 908 1423 a
926 1365 1053 1423 librariis
1067 1365 1105 1424 ad

99 1443 249 1515 vulgarem
268 1441 389 1503 formam
413 1450 510 1503 textus
536 1450 664 1504 mutatos
687 1460 751 1502 csse
773 1445 955 1516 exipsorum
975 1442 1106 1502 codicum

99 1518 243 1592 hodieque
264 1520 444 1580 exstantibus
464 1522 560 1580 lituris
581 1526 733 1595 appareat,
755 1537 841 1591 quam
861 1519 1007 1577 diversum
1026 1519 1157 1577 illum16⁹

99 1595 227 1654 habituri
249 1613 391 1668 essemus,
418 1598 443 1655 si
470 1613 506 1654 ex
532 1597 712 1656 bibliotheca
738 1598 859 1656 alicuius
888 1595 1041 1668 Sophistae
1060 1598 1107 1655 vel

100 1672 214 1745 pulchri
232 1671 452 1745 Euthydemiu)
474 1672 653 1747 descriptum
674 1675 885 1748 acciperemus!

177 1748 252 1807 Nam
271 1749 329 1808 illis
349 1750 407 1807 iam
427 1749 607 1822 temporibus
628 1751 746 1823 vigente
760 1750 881 1810 libraria
895 1750 1019 1822 quadam
1032 1765 1107 1809 mer·

101 1829 211 1897 cetura,
230 1824 309 1884 haud
329 1824 415 1883 dubie
436 1827 521 1899 copia
543 1828 750 1900 exemplarium
770 1825 826 1885 fuit
846 1827 925 1900 apud
943 1827 1107 1887 litteratum
1161 1841 1165 1852 “

101 1916 258 1973 quemque,
283 1902 313 1959 in
337 1902 438 1975 primis
465 1902 543 1974 apud
564 1905 720 1975 magistros
741 1905 924 1976 scholarum,
950 1905 1000 1975 qui
1020 1909 1108 1961 antea

100 1977 268 2034 memoriter
293 1978 388 2036 omnia
412 1980 582 2051 praeierant
607 1979 766 2052 discipulis.
807 1981 883 2039 Hinc
904 1985 949 2037 cst
972 1985 1042 2038 nota
1062 1981 1107 2038 ira

100 2051 261 2111 Alcibiadis
286 2054 316 2111 in
342 2055 485 2113 hominem
506 2056 584 2113 illius
604 2056 728 2128 ordinis,
759 2055 837 2128 apud
858 2071 949 2128 quem
964 2072 1050 2127 quum
1070 2071 1107 2113 ne

101 2144 189 2187 unam
215 2129 331 2206 quidem
354 2130 540 2204 rhapsodiam
567 2132 675 2191 Hiados
702 2133 874 2204 invenisset,
901 2131 1053 2205 colaphum
1080 2133 1107 2190 ei

101 2203 242 2266 inflixisse
270 2205 428 2279 dicitur³⁵).
464 2209 557 2280 *Ergo
587 2209 729 2281 postulari
760 2214 821 2266 tum
850 2213 981 2281 poterat,
1014 2213 1047 2265 ut
1077 2207 1107 2264 in

101 2280 204 2341 schola
221 2281 296 2341 bene
315 2283 448 2342 instituta
468 2285 617 2358 exemplar
636 2284 757 2344 Homeri
778 2291 865 2358 esset,
887 2285 1024 2342 siminus
1046 2284 1107 2340 uni·

102 2373 205 2417 versae
224 2359 336 2432 poesis,
361 2364 393 2418 at
417 2360 581 2432 ahquarum
602 2368 682 2420 certe
703 2362 838 2434 partium.
881 2361 1023 2433 Quocirca
1041 2376 1107 2418 mox

102 2434 177 2494 alius
196 2435 338 2508 magister
357 2452 422 2495 sese
441 2437 547 2496 obtulit
568 2437 716 2497 Alcibiadi
738 2439 846 2511 dicens,
866 2438 976 2497 habere
997 2453 1028 2496 se
1048 2437 1107 2495 Ho-

102 2526 222 2584 merum,
243 2512 410 2584 etquidem
431 2530 449 2572 a
468 2530 500 2572 se
520 2515 585 2587 ipso
607 2515 801 2575 emendatum.
837 2516 909 2573 Tum
923 2515 984 2584 ille,
1003 2513 1107 2571 Itane?

102 2588 209 2659 inquit:
230 2593 263 2647 tu
282 2588 440 2649 Homerum
461 2592 618 2650 emendare
640 2593 708 2663 scis,
731 2599 760 2651 et
779 2598 878 2651 tamen
892 2607 997 2665 pueros
1011 2589 1107 2660 doces,

103 2679 214 2724 aenon
232 2666 330 2738 potius
350 2666 567 2726 adolescentes!

492 2879 714 2954 XXXVIII.

182 3047 268 3107 Haec
287 3051 417 3110 narratio
437 3049 521 3109 nobis
542 3050 721 3109 occasionem
742 3048 826 3109 offert
846 3049 876 3106 in
889 3047 1054 3107 universum
1067 3046 1109 3104 di·

105 3121 192 3182 cendi
210 3125 347 3186 nonnulla
367 3127 404 3186 de
423 3132 490 3187 ortu
510 3126 599 3185 studii
619 3127 727 3199 critici,
755 3142 790 3184 ex
820 3125 923 3198 quihus
945 3125 1109 3183 existimare

175 3287 211 3353 ³4)
227 3286 351 3355 Xenoph.
369 3287 408 3340 M.
426 3285 452 3340 S.
469 3285 517 3354 IV,
535 3289 561 3354 2,
580 3291 602 3340 1.

174 3371 344 3439 ³⁵)P1ut.in
360 3369 448 3426 meio.
476 3387 503 3438 p.
524 3375 580 3426 194.
604 3371 638 3425 o.
665 3371 699 3425 cf.
735 3332 936 3438 Aptpnuegm.
953 3382 980 3433 p.
1000 3370 1056 3420 mc.
1074 3366 1108 3445 ο,

105 3438 212 3492 Aelian.
229 3439 262 3493 V.
279 3438 314 3493 H.
331 3439 408 3502 XIII,
427 3442 467 3493 38.
486 3437 533 3492 ubi
550 3455 575 3492 v.
593 3439 714 3493 Perizon.
728 3437 832 3492 reflatis
843 3449 913 3505 quae
926 3449 957 3488 su
977 3449 1008 3488 ra
1018 3450 1109 3488 monui

106 3521 166 3575 cap.
184 3506 270 3576 XXV.
289 3506 373 3561 subl.
391 3506 482 3561 Minus
500 3505 628 3575 ambigue
639 3507 714 3561 Plut
735 3505 803 3560 dixit
819 3502 927 3570 βιβλίον
968 3503 1090 3573 addaiu.
