2482 3960
558 270 668 323 -138
697 294 735 306 -

97 428 134 468 aas
148 431 250 490 graves
265 414 364 490 fuisse,
384 417 409 474 si
425 415 514 475 solam
531 417 761 476 commoditatem
773 432 873 475 sensus
885 422 1013 475 etusum
1025 417 1156 478 Homeri·

149 509 213 552 cum
233 499 361 564 spectes:
382 509 438 565 quo
459 493 580 551 ulterius
600 493 737 565 progredi
756 508 893 565 nequeas,
914 493 1155 566 quandoquidem

148 585 223 627 nunc
243 569 279 626 de
293 569 465 628 testimoniis
480 570 662 641 antiquorum
675 571 805 628 codicum
817 587 874 628 non
889 569 1065 641 constare).
1101 570 1155 632 Sed

97 657 134 697 aaa
149 651 181 703 ut
199 646 297 717 plures
317 647 430 704 illarum
443 645 597 703 lectionum
610 647 743 718 vulgatas
756 652 870 704 nostras
885 648 1098 721 aequiparant,
1117 649 1155 705 ita

148 722 245 779 insunt
266 723 353 779 etiam
372 723 402 779 in
422 723 487 794 illis,
508 738 582 793 quae
602 723 688 795 plane
708 727 859 795 praestent
868 722 902 794 1).
938 724 1022 795 Quas
1046 724 1075 781 si
1093 724 1153 782 Ari·

148 798 317 870 stophanem
338 799 523 857 coniectando
544 799 698 870 indagasse
717 817 770 872 pro
791 799 923 857 absurdis
946 805 978 858 et
998 798 1087 858 falsis
1099 801 1153 874 pri-

150 875 250 933 oribus
270 880 412 947 putemus,
432 874 510 932 haud
523 876 598 933 male
613 874 649 933 de
664 876 778 947 ingenio
794 876 855 932 eius
870 876 973 934 critico
986 877 1153 934 existiman·

149 950 216 1008 dum
245 953 308 1009 erit.
350 953 519 1024 Quanquam
544 953 620 1011 ultro
645 950 755 1024 fateor,
780 967 826 1009 me
846 968 883 1010 ne
902 953 933 1008 iu
953 953 1002 1010 his
1025 953 1152 1024 quidem,

149 1044 223 1099 quae
243 1028 341 1100 paullo
361 1030 468 1086 certius
489 1027 527 1086 ad
547 1029 608 1085 eius
630 1029 824 1086 coniecturam
836 1025 940 1086 referri
952 1035 1092 1102 possunt,
1111 1046 1152 1088 ro·

148 1103 307 1163 bustiorem
328 1105 530 1163 coniecturalis
551 1105 621 1163 artis
636 1103 787 1162 infantiam
801 1120 886 1175 quam
899 1106 929 1161 in
942 1105 1102 1166 Zenodoto
1115 1107 1153 1164 in·

97 1189 134 1230 126
149 1179 323 1252 telligerel).
363 1182 425 1253 Quo
450 1182 543 1252 magis
573 1187 697 1253 augetur
717 1181 915 1262 exspectatio,
940 1181 1014 1253 quid
1036 1182 1152 1242 tandem

149 1415 195 1455 eos
213 1416 319 1469 quoque
338 1414 444 1466 versus,
468 1413 535 1466 quos
552 1399 643 1461 Z..vel
660 1397 797 1452 deleverat
814 1398 857 1452 vel
873 1398 902 1452 in
920 1399 998 1453 codd.
1027 1401 1086 1455 suis
1102 1417 1151 1456 non

148 1469 295 1536 invenerat,
314 1468 451 1537 apposuit,
474 1482 508 1520 ne
527 1466 590 1534 quid
608 1467 702 1520 fraude
719 1466 857 1520 videretur
873 1467 1060 1534 subtraxisse,
1084 1468 1151 1539 quod

149 1536 217 1592 alius
236 1536 326 1591 forsan
343 1536 514 1590 Homericum
532 1535 697 1588 iudicaturus
721 1541 798 1588 esset.
835 1534 960 1588 Ceterum
985 1537 1042 1590 etsi
1061 1537 1096 1592 de
1112 1537 1150 1590 his

149 1610 176 1659 et
194 1605 253 1658 aliis
271 1606 351 1659 rebus
368 1602 460 1657 timide
479 1602 671 1656 coniiciendum
690 1608 731 1656 est
748 1608 860 1670 propter
876 1601 1058 1670 reliquiarum
1075 1605 1150 1658 huius

149 1673 254 1740 generis
292 1673 448 1737 auritatem,
472 1670 538 1724 illud
555 1676 646 1724 tamen
662 1670 880 1724 verisimillimum
899 1676 954 1738 est,
977 1671 1150 1726 Zenodoteum

149 1751 244 1792 tertam
267 1690 419 1794 germinum
444 1739 660 1807 Homerieorum,
683 1738 755 1806 quod
777 1737 858 1792 hodie
883 1738 1012 1807 dicimus,
1034 1741 1148 1808 jandan

149 1806 230 1861 fuisse
252 1809 438 1873 Aristopbcnm'.

217 1891 253 1958 ⁹9>
277 1892 355 1945 Certe
379 1905 429 1957 per
446 1906 474 1944 se
493 1890 642 1957 spernenda
660 1907 713 1945 non
730 1890 819 1945 fuerat
836 1890 954 1944 maxima
970 1907 1039 1960 pars
1056 1892 1149 1946 harum

148 1975 306 2030 lectionum:
331 1961 437 2058 fij}
454 1965 556 2057 yffi.
576 1994 600 2045 η.
614 1980 741 2060 aaz—23}
760 1979 940 2056 12οἑ547.
970 1965 1150 2059 agebam}

148 2060 171 2115 1.
193 2064 247 2115 103.
270 2066 329 2117 545.
353 2066 411 2116 685.
431 2065 512 2125 aec.
540 2065 574 2114 68
607 2080 628 2114 ν.
647 2066 671 2116 8.
701 2065 739 2114 12.
758 2065 799 2114 51.
817 2065 875 2115 364.
894 2063 953 2115 613.
972 2063 1035 2116 733.
1065 2062 1090 2122 ξ.
1109 2068 1148 2116 41.

148 2165 171 2198 o.
199 2137 242 2202 ff).
263 2150 320 2203 197.
343 2133 788 2202 a.25.0.53.r.96.105.bab
824 2146 908 2198 Immo
927 2152 1018 2214 eruut,
1045 2148 1147 2220 opinor,

149 2216 245 2282 quibus
267 2215 410 2270 nonnullae
435 2230 526 2268 earum
550 2230 620 2267 nune
647 2229 752 2281 quoque
776 2219 854 2267 textu
877 2212 973 2334 diffinias
996 2215 1150 2284 videantur,

148 2299 230 2351 quum
248 2283 281 2337 ab
300 2285 333 2336 iis
352 2284 497 2337 discessum
515 2282 600 2335 videri
618 2286 700 2350 queat
717 2281 806 2349 potius
823 2297 873 2348 per
888 2281 897 2333 l
936 2281 1029 2336 dinem
1048 2291 1078 2337 et
1089 2299 1150 2352 ope·

148 2366 235 2404 rosam
254 2351 430 2418 sedulitatem,
447 2366 526 2418 quam
543 2350 697 2403 melioribus
714 2349 789 2402 libris
806 2349 940 2402 consultis.

215 2437 238 2500 1)
256 2434 335 2488 Tales
354 2450 411 2488 esse
430 2434 495 2487 duxi
512 2435 655 2502 recepique
673 2435 701 2488 iu
718 2435 811 2503 primis
828 2434 878 2487 has
895 2435 970 2502 duas,
988 2437 1083 2508 μάχην
1102 2452 1151 2506 pro

146 2502 236 2572 μάχης
253 2523 277 2555 o.
295 2507 372 2569 459,
401 2501 494 2554 “Oscor
514 2502 540 2554 δ’
561 2503 710 2573 ἐννεάχιλοι
727 2520 777 2571 pro
794 2505 836 2555 ὅσ.
855 2506 882 2556 τ’
901 2503 1009 2572 ἐννεάχ.
1040 2503 1066 2564 ξ,
1087 2510 1151 2573 148,

147 2571 321 2637 tertiamque,
340 2572 367 2622 ni
385 2569 477 2637 fallor,
496 2570 639 2638 avulgata
656 2588 710 2625 non
728 2572 832 2639 longius
849 2571 1057 2639 abhorrentem,
1076 2574 1152 2628 cuius

147 2653 218 2690 nunc
241 2653 293 2690 non
317 2638 433 2691 memini.
469 2638 510 2690 Ac
536 2639 648 2692 forsitan
670 2640 790 2707 recipere
809 2637 958 2692 debuissem
977 2636 1102 2707 aliquam
1119 2656 1152 2694 ex

147 2699 188 2773 iis,
207 2720 274 2772 quas
291 2705 389 2772 Seboll.
407 2705 523 2773 probant
541 2706 662 2761 formulis
674 2708 736 2774 suis,
755 2708 802 2758 oda
817 2707 983 2777 ἀχαρίστως,
1002 2715 1034 2760 et
1045 2709 1151 2780 μήποτε

147 2771 266 2839 ἄμεινον,
293 2774 329 2843 (h.
348 2789 374 2827 e.
390 2777 478 2826 meiius
492 2777 612 2838 fortasse,
637 2777 724 2826 laud
741 2776 809 2826 seio
827 2793 871 2824 aa
888 2776 977 2826 melius
994 2777 1104 2842 tuerit)
1122 2781 1152 2829 ui

147 2860 170 2894 ν.
188 2845 245 2896 502.
265 2842 391 2911 πρόσθεν
411 2859 436 2910 p.
456 2844 565 2911 πρῶτος
583 2849 633 2896 ete.
647 2851 694 2896 aut
711 2842 792 2896 hasce
810 2858 863 2895 non
880 2841 1051 2909 inelegantes
1069 2845 1151 2912 scrip·

146 2915 235 2976 turae,
255 2911 318 2962 οὐδὲ
340 2913 389 2973 μὲν
414 2911 502 2981 ἰδρείῃ
524 2926 550 2976 p.
577 2911 640 2962 οὐδὲ
665 2910 692 2962 τ’
712 2911 758 2968 ato
777 2909 819 2988 alp
839 2928 864 2978 η.
886 2914 957 2974 198..
986 2911 1055 2972 τούς
1072 2911 1151 2981 pdp'

146 2995 174 3040 μ.
191 2982 242 3044 68,
261 2977 331 3048 ἵππῳ
349 2995 374 3045 p,
395 2976 480 3031 ἵππων
500 2979 521 3032 δ.
541 2981 597 3032 142.
633 2978 702 3033 Nam
722 2930 886 3031 Scionastae
904 2993 958 3032 non
976 2979 1070 3040 credo,
1090 2980 1151 3034 Ari·

146 3044 305 3112 stophanem
328 3046 365 3099 ibi
389 3044 460 3098 ἵππιν
482 3045 578 3114 legisse
602 3046 725 3100 dualiter.
761 3045 873 3100 Sedbis
891 3045 1002 3100 inlotis
1021 3047 1151 3116 vulgatae

147 3111 255 3167 defendi
272 3112 340 3169 bene
357 3119 493 3181 poterunt.

214 3197 237 3263 ²)
255 3196 387 3251 Videlicet
405 3196 456 3251 hoc
474 3213 554 3252 sensu
572 3198 685 3266 diligens
698 3201 825 3267 cogitatio
838 3200 934 3254 imbuit
945 3208 1152 3267 comparantem

146 3265 234 3320 omnia
252 3266 301 3319 sub
321 3281 372 3319 uno
391 3265 528 3332 adspectu.
564 3266 596 3319 In
614 3267 725 3334 singulis
737 3268 816 3335 enim,
834 3274 864 3321 ut
876 3283 957 3335 saepe
966 3268 1035 3334 dixi,
1054 3286 1152 3339 parum

145 3338 261 3401 certum,
305 3333 351 3387 uid
375 3333 487 3400 quisque
512 3334 656 3388 coniecerit
674 3337 784 3402 primus
821 3335 922 3401 Quodsi
940 3337 1152 3392 coniecturaea

144 3350 457 3455 veteribusqleetionibus
475 3399 594 3469 dignosci
612 3418 629 3456 a
646 3403 722 3457 nobis
740 3403 894 3458 coniectura
911 3410 1033 3471 possent,
1052 3406 1081 3459 in
1099 3406 1153 3460 illis

144 3467 313 3536 potissimum
330 3484 499 3523 numerarem
516 3469 581 3537 has,
603 3488 628 3538 γ.
649 3475 687 3525 13.
706 3470 850 3524 πονισάλου
868 3468 974 3542 ὤρνυτ’
992 3472 1090 3545 ἀέλλη,
1116 3475 1152 3542 (si
