2482 3960
503 269 616 327 -174
646 298 683 310 -

101 424 198 482 matici
226 423 421 481 recensionem
449 420 735 494 repraesentatam).
791 420 852 478 Vel
880 421 1009 494 pessimi
1034 425 1062 478 et
1078 435 1106 477 er

98 499 230 573 pessimis
249 499 385 571 exemplis
405 498 484 556 ducti
496 497 639 555 interdum
652 497 847 570 praeclaram
861 504 899 556 et
912 498 1062 568 antiquam
1072 496 1104 554 le

99 577 221 634 ctionem
235 576 367 646 afferunt,
385 575 453 633 boni
466 580 574 644 conus,
588 575 673 632 immo
686 573 794 646 optimi
807 573 952 631 admista
965 574 1102 645 aliquoties

98 652 205 710 babent
225 651 378 711 deteriore
411 652 475 710 Non
494 651 596 720 loquor
610 650 646 708 de
658 649 774 708 mendis
788 650 906 708 calami
921 651 1030 722 quibus
1041 650 1103 722 opti-

98 745 162 786 mae
181 729 363 786 recensiones
382 726 535 786 deformari
555 726 706 797 solent¹¹):
744 727 865 797 quain
886 743 925 784 re
940 728 1101 799 singularem

98 803 239 863 fortunam
259 805 379 862 obiisset
398 804 468 862 cod.
487 803 624 874 Venetus,
642 804 667 860 si
703 835 736 843 —
780 803 868 872 quod
890 809 996 861 tamen
1016 809 1101 876 optan

102 881 168 938 dnm
187 880 290 939 luisset
310 914 343 923 -
366 897 465 952 presse
484 881 707 953 simpliciterque
726 879 807 950 typis
828 881 1009 952 exscriptus
1029 884 1100 937 esset

98 956 143 1016 De
163 957 376 1016 recensionibus
396 958 541 1027 loquor...
580 957 640 1014 Eas
661 956 745 1028 plane
768 953 918 1014 confusas
938 957 1099 1014 haberemus

99 1035 155 1092 nisi
174 1035 288 1092 Scholia
309 1034 492 1091 subvenirent
510 1033 541 1088 in
559 1033 665 1090 talibus
683 1032 761 1090 locis.

176 1111 223 1168 Ex
241 1111 286 1167 his
305 1109 434 1168 omnibus
453 1107 579 1167 lontibus
599 1109 722 1167 omnium
741 1105 805 1166 iere
823 1111 1024 1168 saeculorum
1043 1109 1097 1167 dno

101 1192 149 1244 tae
175 1188 334 1258 scripturae
360 1187 508 1243 materiem
532 1184 641 1242 iaciunt
658 1190 755 1242 textus
772 1186 813 1243 ad
830 1193 977 1244 veterum
989 1185 1028 1257 ¹²)
1044 1202 1096 1244 nor·

99 1279 175 1320 mam
201 1260 383 1319 restituendi.
426 1261 460 1317 In
485 1278 541 1332 qno
567 1263 609 1318 ita
634 1261 742 1319 versari
765 1267 908 1335 oportet,
939 1269 992 1335 ut,
1016 1260 1095 1334 quood

101 1338 164 1409 ejus
183 1336 245 1395 fieri
264 1343 373 1410 potest,
397 1337 504 1394 nullum
532 1338 651 1395 verbnm
670 1336 821 1410 admittas,
848 1339 934 1410 quod
955 1357 1018 1399 non
1035 1339 1095 1397 bono

99 1420 175 1472 teste
195 1415 240 1471 vel
261 1419 379 1471 auctore
399 1413 515 1485 probari
535 1420 630 1485 queat
662 1414 702 1471 Et
719 1414 750 1470 ιιι
767 1416 871 1472 multis
894 1416 1021 1487 quidem
1039 1415 1095 1474 locis

100 1492 175 1550 hane
199 1507 290 1563 prope
314 1490 526 1563 diplomaticam
552 1489 637 1548 fidem
661 1491 747 1563 plane
766 1492 889 1563 assequi
908 1493 995 1551 licet
1034 1492 1094 1550 llam

101 1575 134 1626 ut
158 1584 218 1625 rem
243 1584 299 1625 uno
325 1566 448 1637 quodam
472 1568 602 1639 exemplo
628 1567 834 1639 demonstrem,
870 1568 1005 1627 Iliadem
1030 1566 1094 1641 apud

100 1650 213 1702 veteres
234 1661 252 1700 a
270 1660 340 1701 voce
361 1640 473 1719 isaeo
464 1645 616 1715 incepisse,
635 1643 706 1701 satis
725 1613 834 1702 docent
848 1644 983 1716 Apionis
1004 1647 1042 1715 (v.
1047 1586 1094 1702 pSe

100 1737 163 1778 nec.
184 1721 240 1792 Ep.
259 1719 324 1776 Lib
343 1680 465 1790 x11'1,3
448 1725 548 1789 3ι88)
568 1722 617 1786 40)
637 1726 668 1777 et
687 1720 807 1778 aliorum
814 1721 926 1792 ‚iquos
947 1722 1031 1780 ridet
1047 1720 1094 1778 Ln-

102 1798 201 1854 cianus
222 1795 300 1865 (Ver.
322 1795 399 1854 Hist.
418 1796 494 1868 Hp
510 1801 577 1859 116)
596 1797 731 1869 ineptiae.
763 1797 833 1855 Mox
852 1797 1006 1856 vocabula
1025 1794 1094 1853 ἄειδε

100 1879 131 1930 et
143 1868 293 1948 οὐλομένην
313 1873 400 1930 etiarn
420 1874 609 1943 antiquiorem
628 1873 828 1931 auctoritatem
846 1872 975 1946 habent,
1001 1874 1092 1932 Prota

101 1965 189 2021 goras
208 1908 286 2019 apnd
305 1948 492 2007 Aristotelem
513 1948 606 2017 (Poet
621 1965 683 2021 cap.
699 1949 773 2025 19§.
787 1953 826 2018 8).
860 1949 931 2009 Duo
954 1957 1095 2037 posmemu

102 2026 187 2099 primi
206 2041 305 2082 versus
323 2024 453 2095 verba¹³l
475 2026 531 2083 et
523 2043 587 2097 rpsa
599 2028 670 2083 satis
684 2025 916 2096 [indicendaeul
904 2029 929 2098 )]
942 2026 1094 2085 testimonii

102 2103 209 2160 habent
228 2118 264 2159 ex
282 2107 381 2160 vetere
399 2103 546 2160 notatione
566 2100 751 2174 difficultatis
771 2118 865 2173 quam·
877 2107 997 2161 temere
1016 2102 1095 2174 finge·

101 2179 180 2250 bant,
199 2179 351 2248 metricae;
370 2184 504 2248 totusque
524 2178 696 2249 syllabarum
716 2180 745 2235 in
764 2179 819 2236 hoc
831 2195 920 2236 versu
933 2180 1009 2237 olim
1022 2186 1094 2238 nota-
1127 2184 1129 2189 '

103 2261 150 2312 tus
168 2271 302 2312 numerus
322 2256 409 2312 etiam
422 2254 528 2312 nomini
542 2252 810 2313 &etauctoritatem
823 2254 918 2322 daret,
941 2257 970 2312 si
985 2254 1093 2314 aliunde

104 2348 160 2389 non
183 2337 264 2388 certa
290 2339 375 2388 esset.
422 2330 480 2389 Sed
504 2346 591 2400 quum
617 2328 718 2387 Μοῦσα
742 2333 803 2389 eins
827 2331 892 2390 loco
917 2348 981 2390 non
1002 2348 1094 2392 conve

105 2410 179 2478 niat,
209 2408 356 2478 vulgatum
381 2407 452 2464 illud
476 2408 540 2479 ipsa
562 2423 609 2465 res
630 2409 700 2465 satis
723 2407 825 2465 firmat
869 2408 980 2478 Neque
1005 2409 1094 2467 hucte

106 2499 159 2539 nus
184 2483 214 2539 in
238 2483 292 2540 hac
318 2484 515 2555 exploratione
524 2483 561 2553 15)
587 2484 692 2542 veteris
717 2482 785 2542 fidei
809 2483 996 2543 Scholiastae
1020 2485 1093 2544 nobis

102 2559 298 2630 interrogandi
322 2558 446 2617 fuerunt
490 2560 537 2618 Ex
561 2560 605 2617 his
630 2577 698 2618 vero
723 2560 872 2630 discimus,
894 2561 995 2620 altero
1015 2577 1093 2620 versu

103 2631 340 2693 nominativum⁰
324 2655 341 2712 η
359 2636 500 2694 nonnullis
525 2637 718 2709 displicuisse,
750 2652 856 2707 eosque
879 2637 1025 2696 maluisse
1050 2638 1095 2695 da·

106 2712 194 2769 turum
203 2703 287 2791 16)
308 2719 341 2770 ut
361 2713 447 2770 etiam
473 2714 673 2785 grammatica
682 2713 758 2771 ratio
782 2729 842 2770 rem
862 2713 1007 2783 proximis
1037 2730 1094 2772 ver·

106 2789 151 2847 bis
187 2794 349 2848 contentam
383 2789 420 2846 ad
449 2791 589 2848 Achillem
619 2791 711 2861 ipsum
739 2787 870 2847 referret
921 2789 1009 2860 Quae
1038 2806 1094 2849 cor·

107 2866 198 2925 rectio
218 2883 255 2924 an
274 2868 413 2925 vetustior
432 2867 517 2925 lectio
536 2866 738 2939 praestabilior
758 2867 809 2937 sit,
835 2882 870 2922 ex
895 2866 1021 2936 antiquo
1045 2883 1094 2923 usu

111 2945 249 3002 sermonis
270 2950 299 3002 et
287 2943 536 3003 tconformandae
556 2944 714 3000 sententiae
731 2941 918 3014 judicandum
933 2949 990 3000 est.
1024 2943 1093 3002 Nam

108 3020 279 3090 conjecturis
305 3026 384 3078 certe
410 3036 465 3078 non
493 3020 619 3078 deterior
643 3025 737 3077 textus
762 3017 927 3077 reddendus
953 3024 1017 3090 est,
1049 3020 1094 3090 qui

104 3113 140 3153 ne
159 3096 346 3168 probabiliter
366 3096 480 3167 quidem
500 3097 541 3154 ita
554 3098 614 3154 siue
631 3097 740 3154 idoneis
754 3096 847 3154 causis
860 3095 1020 3152 mutandus
1041 3101 1091 3153 est.

171 3275 207 3338 1⁰)
218 3272 319 3326 scilicet
336 3286 370 3324 ex
387 3275 411 3325 3
430 3276 458 3323 et
474 3276 498 3325 5
517 3270 665 3350 saeculop.
685 3270 732 3324 Oh
834 3272 869 3335 11)
880 3271 986 3337 optima
1004 3288 1093 3326 recen·

104 3339 144 3392 sio
162 3339 304 3392 deformari
320 3346 416 3406 potest.
518 3338 553 3405 11)
571 3345 617 3391 ant
617 3338 714 3406 iquam.
816 3340 850 3399 1³)
868 3338 1009 3395 vocabula.

105 3409 140 3472 11)
156 3407 282 3475 probatos
300 3413 383 3460 testes
399 3406 506 3472 habent,
523 3407 629 3472 ineptos
645 3406 858 3472 reprehensores.
961 3410 1000 3476 ¹⁵)
1013 3423 1093 3476 expe·

105 3474 212 3529 ditione
314 3477 349 3541 1⁶)
366 3481 566 3541 correctumque
585 3489 643 3528 esse
662 3477 707 3542 qui
723 3475 840 3528 mallent.

112 3774 184 3889 f

93 3892 113 3939 l
124 3928 127 3933 .
