2482 3960
508 287 685 341 -23-
902 298 924 334 ο

98 433 195 505 Atque
213 434 354 493 hactenus
373 432 487 493 facilem
506 449 656 494 assensum
676 433 777 492 videor
789 433 860 492 mibi
872 431 1024 492 habiturus
1038 449 1096 492 om·
1109 450 1134 490 se

98 511 185 583 nium,
212 511 262 582 qui
281 511 372 570 oculis
392 511 452 585 suis
471 509 592 570 credere
612 509 786 569 didicerunt
824 510 866 569 At
884 525 964 579 vero,
984 511 1009 567 si
1027 526 1097 569 non-

98 586 241 646 nullorum
265 586 423 660 probabilis
449 593 495 646 est
519 588 663 661 suspicio,
686 587 810 646 hecout
829 587 944 658 reliqua
963 584 1135 645 Carminau

99 663 214 722 illorum
231 667 393 736 temporum
412 663 500 722 nullis
519 664 683 722 litterarum
702 663 840 722 mandata
858 663 944 735 notis,
967 663 1021 721 sed
1040 663 1098 736 pri·

98 754 177 797 mum
196 754 216 796 e
234 740 329 812 poetis
347 740 514 799 memoriter
532 738 612 800 iectu
632 745 663 800 et
682 745 770 799 cantu
783 739 873 810 edita,
892 745 954 800 tum
967 754 1021 813 per
1033 740 1098 799 rba

99 813 217 887 psoius,
237 816 267 872 in
285 816 322 874 iis
342 815 505 876 ediscendis
526 817 896 890 propriemteoocupatos,
916 814 1099 876 canendodi·

100 890 219 963 vulgata
231 906 309 963 esse3
324 907 360 951 ex
373 908 438 964 quo,
452 898 606 965 samonum
619 893 729 966 scripto
742 893 823 951 velut
834 891 1001 965 figerentur,
1015 893 1100 966 plura

100 967 188 1025 iniis
208 967 253 1025 vel
272 969 391 1028 consilio
412 969 458 1027 vel
478 985 549 1028 casu
567 970 713 1028 immutari
732 984 850 1028 necesse
870 975 962 1040 esset3
982 969 1100 1028 sibeno

99 1044 192 1115 ipsam
212 1043 248 1103 ob
269 1060 395 1118 causam,
414 1046 513 1104 statim
526 1051 559 1104 ut
572 1047 660 1105 scribi
673 1050 779 1118 coeptu
791 1050 866 1115 sunt,
887 1046 992 1103 multas
1005 1045 1100 1103 diver·
1177 1057 1178 1060 ’

101 1120 203 1178 sitates
221 1119 394 1194 babuerunt,
413 1139 480 1181 mox
499 1138 588 1181 novas
603 1121 724 1181 subinde
738 1121 923 1180 adsciverunt
935 1122 1100 1181 temeritate

101 1201 132 1254 et
150 1197 323 1256 coniecturis
337 1213 445 1271 corum,
465 1199 515 1269 qui
530 1214 566 1257 ea
578 1199 712 1258 certatim
726 1199 864 1272 expolire,
885 1203 916 1256 et
928 1197 966 1257 ad
976 1199 1100 1270 optimas

100 1272 181 1344 leges
189 1346 192 1352 ι
200 1273 333 1346 poeticae
347 1275 419 1332 artis
429 1274 468 1333 sd
481 1291 622 1347 suamque
635 1275 1025 1349 consuetudinemloqucndi
1039 1290 1101 1334 cor·

101 1347 198 1420 rigere
212 1349 381 1422 studebanu
395 1352 420 1408 si
433 1349 558 1423 denique
571 1357 665 1411 totum
679 1351 755 1409 hunc
768 1357 933 1411 contextum
947 1368 982 1409 ac
996 1352 1101 1410 seriem
1179 1425 1182 1429 .

102 1424 223 1483 duorum
242 1432 448 1498 perpetuorum
469 1426 634 1486 Omminum
654 1444 712 1487 non
732 1433 792 1486 tum
813 1429 885 1496 eins,
905 1429 953 1485 cui
973 1444 1037 1486 eam
1050 1428 1101 1486 tri·

101 1498 192 1559 buere
206 1503 414 1576 consuevimus
427 1504 554 1576 iugenio,
568 1520 654 1576 quam
669 1505 819 1564 sollertiae
831 1504 976 1578 politioris
987 1505 1051 1563 aevi
1072 1510 1103 1563 et

101 1576 255 1636 multorum
274 1579 433 1638 coniunctis
454 1579 559 1645 studiis
573 1580 683 1653 deberi,
703 1581 885 1654 usqueadeo
899 1582 977 1653 ipses
991 1577 1102 1649 ἀοιδάς,

103 1652 261 1724 exquibus
286 1655 355 1714 Ilias
376 1660 407 1713 ct
426 1654 557 1729 Odyssea
583 1658 760 1730 compositae
785 1663 867 1729 sunt,
892 1674 979 1714 unum
1003 1673 1102 1716 omnes

102 1734 250 1789 auctorem
262 1730 380 1804 habere,
400 1732 604 1791 verisimilibus
620 1735 798 1807 argumentis
810 1739 840 1792 et
852 1733 1014 1792 rationibus
1029 1731 1103 1791 effici

101 1810 212 1878 potest3
233 1807 267 1879 si,
286 1807 412 1880 inquam,
432 1809 519 1868 aliter
539 1809 576 1868 de
596 1809 641 1869 his
661 1809 802 1883 omnibus,
824 1826 858 1869 ac
878 1811 964 1883 vulgo
984 1808 1030 1881 fit,
1056 1825 1103 1868 ex-

101 1881 287 1941 istimandum
308 1889 367 1943 est:
407 1885 477 1956 quid
501 1887 651 1960 tument,
674 1887 721 1944 bis
747 1886 927 1946 Carminibus
951 1887 1103 1960 pristinum

102 1957 225 2016 nitorem
245 1965 276 2018 et
295 1975 461 2032 germanam
480 1960 601 2022 formam
620 1979 702 2022 suam
721 1964 897 2022 restituere?

180 2033 286 2094 Peucis
316 2037 411 2096 verbis
431 2037 591 2111 significavi
611 2055 662 2111 ea,
689 2039 849 2111 dequibus
869 2039 967 2112 paullo
987 2044 1104 2112 postet

105 2111 268 2171 accuratius
288 2112 345 2171 alio
365 2113 429 2173 loco
449 2114 600 2174 disseram.
632 2116 772 2187 Quoniam
792 2117 868 2174 enim
887 2115 985 2186 video,
1010 2116 1044 2178 in.
1058 2115 1104 2172 bis

103 2186 174 2244 mibi
193 2188 375 2259 antiquitatis
394 2206 488 2263 paene
508 2191 600 2250 omnis
613 2189 756 2250 firmatam
768 2192 932 2263 opinionem
945 2191 1104 2250 convellen-

104 2261 171 2321 dam
192 2279 266 2337 esse,
286 2280 342 2336 quo
361 2266 556 2339 incorruptius
570 2283 654 2326 meae
666 2268 794 2326 rationes
808 2266 1014 2340 ponderentur,
1028 2284 1104 2325 nunc

104 2337 245 2398 duntaxat
269 2341 384 2413 potiora
412 2348 557 2402 momenta
587 2358 687 2402 sarum
708 2345 871 2402 summatim
902 2350 932 2403 et
962 2360 1103 2417 suspensa

103 2430 190 2474 manu
209 2417 350 2476 tractabo.
372 2419 453 2490 Quae
473 2436 561 2492 quum
581 2420 751 2480 intellexero
772 2421 893 2480 eruditis
907 2438 963 2480 non
977 2422 1102 2494 placere,
1115 2447 1144 2485 so

103 2489 135 2548 id
155 2497 201 2550 cst
219 2495 371 2553 contrariis
384 2497 536 2554 momentis
552 2502 583 2555 et
595 2497 756 2556 rationibus
771 2498 889 2567 elevari,
909 2498 981 2557 baec
994 2499 1102 2570 primus

32 2596 39 2607 s
102 2568 167 2640 ipse
185 2568 360 2643 retractabo,
382 2569 472 2630 τὰδὲ
491 2569 583 2631 πάντα
603 2571 667 2630 dccl
683 2571 853 2651 μεταμώλια
873 2572 959 2632 θεῖεν.
979 2575 1054 2633 Nam
1074 2580 1104 2632 et

102 2642 174 2701 nibil
193 2644 222 2702 in
241 2644 286 2703 bis
305 2646 425 2719 litteris,
451 2649 528 2721 quod
555 2654 657 2709 contra
676 2666 854 2709 communem
873 2652 1037 2724 opinionem
1056 2651 1104 2722 sit,

105 2720 352 2793 expavescendum
371 2729 442 2797 puto
456 2741 521 2784 esse
535 2727 599 2783 veri
612 2726 751 2800 studioso,
772 2733 811 2799 et,
832 2727 881 2784 ubi
893 2728 1015 2786 historio
1025 2732 1105 2784 tacet

103 2969 158 3009 nou
174 2952 343 3024 blustatbius,
360 2971 414 3011 non
425 2955 496 3010 ullus
508 2954 725 3021 Scholiastarum,
743 2952 771 3008 id
783 2951 890 3022 quidem
907 2953 995 3008 minus
1006 2954 1104 3008 mbum

102 3022 218 3077 videtur.
254 3022 354 3078 Carent
370 3023 411 3077 illi
428 3024 509 3078 etism
526 3021 674 3102 insignibus
691 3020 820 3089 versibus,
838 3037 906 3101 quos
923 3021 1027 3102 duobus
1037 3022 1105 3076 locis

103 3088 413 3238 {miii-‘3³3¹'
422 3090 1103 3238 ltrtdllssutllltsrbll{ciruitu

102 3225 224 3279 ckenarn
240 3225 327 3306 Dratr.
344 3227 373 3306 in
416 3226 528 3350 urigidis
545 3225 651 3347 Rehubq.
669 3241 696 3293 p.
713 3227 772 3280 264.
792 3225 831 3345 Rei
844 3224 967 3304 nglrtn
984 3241 1009 3277 v.
1025 3239 1104 3293 prae·

103 3291 454 3416 “interibili
464 3294 615 3443 <blm
632 3291 1105 3428 §littelalllubtllbb

75 3453 77 3457 ⁷
135 3471 152 3508 ·.
166 3444 231 3483 usus
253 3428 302 3509 sit,
325 3430 477 3510 exemplum
501 3447 529 3484 1n
556 3435 649 3484 nostro
671 3443 725 3482 non
749 3441 897 3497 superesse.
938 3425 970 3480 Id
993 3444 1027 3482 ex
1049 3443 1104 3482 uno

102 3495 250 3552 Aristotele
267 3497 381 3565 mtellrgr
398 3497 506 3552 licebat.
