2482 3960
558 298 736 351 ..92-

148 446 258 506 sideret
277 452 308 504 et
326 445 430 517 ieiunet,
450 444 496 503 rel
516 444 621 503 lacinia
639 444 776 503 haereret
795 460 832 503 ex
851 442 945 504 iorma
965 444 1080 518 priore.
1113 444 1155 505 Ad

148 522 345 596 quaerendum
364 522 443 580 illum
457 526 586 580 tenorem
600 527 719 594 praeter
731 521 804 579 alias
820 536 923 580 causas
938 521 1097 596 impellere
1109 539 1155 595 po

148 600 206 658 tuit
224 600 289 672 ipse
308 615 379 657 cura
399 597 551 657 continuae
571 597 746 670 scriptionis,
767 597 798 654 in
821 613 879 669 qua
901 597 1032 656 Garmini
1053 599 1153 671 cuique

149 692 218 734 snus
237 677 316 734 locus
336 672 527 747 assignandus
553 680 633 731 erat:
660 689 759 732 rernm
785 674 931 746 perpolite
956 680 989 733 et
1012 675 1101 747 quasi
1119 674 1153 733 ed

97 762 135 802 1⁵1
149 768 274 823 unguem
299 752 482 824 complanare
514 751 623 822 omnia,
654 749 804 823 operosius
838 749 992 809 videbatur
1018 749 1152 822 fortasse,

149 845 235 900 quam
259 833 292 886 ut
315 827 388 885 illud
411 827 505 900 prima
535 827 714 900 experientia
733 827 849 898 assequi
868 827 979 886 liceret.
1024 827 1086 887 Sed
1104 843 1153 886 cur

148 905 272 962 maxime
291 904 379 963 nolim
391 904 466 961 hanc
485 907 577 961 artem
597 903 646 959 uni
659 902 815 961 Pisistrato
836 902 975 975 tribuere,
995 902 1152 976 1666666-

148 986 246 1040 menta
265 981 295 1038 in
314 985 449 1054 promptu
468 979 570 1051 habeo,
592 980 693 1038 horum
712 985 874 1051 temporum
891 979 1021 1039 tenebris
1037 984 1151 1039 assueto

149 1058 230 1116 clara
249 1058 321 1116 satis
349 1063 379 1115 et
398 1054 559 1114 manifesta.
600 1055 726 1113 Primum
754 1055 880 1114 Graecos
901 1055 939 1114 ad
959 1061 1091 1115 aetatem
1109 1071 1152 1115 us-

150 1151 206 1205 qne
230 1133 462 1193 Ptolemaeorum
487 1133 629 1191 constanti
663 1132 786 1203 quadem
820 1133 1026 1191 constitutione
1059 1136 1152 1191 textus

150 1211 287 1282 caruisse,
308 1209 430 1267 vidimus
450 1224 538 1279 supra
557 1209 593 1266 iis
607 1208 637 1264 in
650 1208 729 1279 locis,
751 1208 800 1279 qui
814 1225 833 1266 a
849 1208 971 1267 Platone
985 1214 1016 1267 et
1030 1222 1152 1281 aequae·

149 1287 193 1344 vis
212 1285 367 1344 laudantur
387 1301 422 1343 ex
435 1284 570 1356 Homero,
591 1300 645 1342 nec
664 1291 762 1342 tamen
781 1284 867 1343 hodie
890 1284 968 1357 apud
988 1300 1057 1343 eum
1076 1300 1151 1344 conr·

148 1367 262 1435 parent
300 1362 403 1432 Itaque
424 1377 459 1418 ex
477 1360 533 1420 hoc
552 1365 642 1433 textu,
664 1377 749 1432 quem
768 1360 855 1419 hodie
876 1360 1008 1420 manibus
1023 1362 1151 1432 terimus,

150 1455 233 1497 nemo
254 1437 418 1496 existimare
438 1442 547 1511 potest,
575 1437 717 1508 quomodo
743 1439 864 1511 primum
892 1437 1020 1510 scriptus
1049 1434 1151 1507 inerit3

85 1573 89 1577 .
150 1516 245 1586 immo,
266 1515 292 1572 si
312 1519 379 1587 post
397 1514 581 1572 Pisistratum
602 1514 652 1572 alii
672 1519 760 1586 atque
785 1514 839 1572 alii
859 1513 997 1588 rhapsedi
1024 1513 1065 1572 ad
1085 1514 1152 1572 scri-

149 1590 275 1649 bendum
300 1590 521 1662 adhiberentur,
551 1606 669 1648 necesse
705 1597 769 1648 erat
794 1589 914 1650 formam
940 1591 1001 1647 eius
1030 1589 1152 1648 subinde

150 1668 258 1726 variari
271 1673 301 1726 et
313 1667 428 1738 mutari,
449 1667 615 1740 priusquam
630 1667 659 1724 in
673 1683 774 1724 manus
788 1667 927 1726 Zenodoti
945 1671 976 1724 et
988 1665 1152 1724 Aristarchi

151 1745 271 1801 veniret.
312 1745 376 1816 Qua
402 1744 438 1800 de
462 1759 494 1800 re
520 1744 717 1801 commentarii
737 1743 838 1801 horum
859 1743 937 1801 haud
960 1742 1049 1801 dubie
1070 1744 1152 1816 plura

150 1819 257 1877 indicie
286 1825 484 1891 servaverant,
510 1820 540 1876 in
569 1836 689 1890 quorum
716 1820 828 1877 iactura
855 1836 929 1877 nnnc
959 1835 991 1877 se
1019 1820 1151 1893 speciose

150 1901 249 1953 tuetur
276 1897 403 1968 vulgaris
429 1894 534 1969 epini0.
575 1895 651 1966 Quid
676 1911 744 1954 vero
764 1896 836 1954 illud
858 1893 922 1954 esti
951 1895 1029 1952 Ante
1050 1911 1151 1953 munus

151 1972 311 2031 VilloIeonii
332 1989 404 2030 unns
417 1972 446 2029 in
461 1972 583 2030 scholiis
598 1978 662 2030 erat
675 1973 763 2044 locus,
785 1973 833 2044 qui
847 1972 1020 2031 mentionem
1035 1970 1152 2030 faceret

151 2046 370 2114 διασκευάσεως
395 2049 544 2108 cniusdam
569 2049 738 2119 antiquioris
758 2048 960 2107 Alexandrinis
979 2047 1053 2105 illis:
1086 2064 1150 2106 rem

152 2142 244 2199 nemo,
264 2126 341 2198 quod
361 2127 464 2198 sciam,
488 2142 544 2198 quo
564 2123 696 2196 referret,
716 2124 855 2183 habebat:
883 2125 940 2183 iam
968 2128 998 2181 et
1017 2125 1101 2182 iliam
1121 2130 1151 2183 et

151 2219 254 2261 nomen
284 2200 501 2260 διασκευαστῶν
530 2203 683 2275 perspicue
706 2201 788 2259 nobis
815 2201 943 2259 Venetus
973 2200 1151 2258 Schohastes

152 2280 250 2337 attulit
270 2280 483 2351 aliquotienis,
516 2279 546 2335 in
571 2278 674 2350 quibus
694 2277 821 2335 traditur
839 2276 949 2349 aliquid
968 2277 1152 2348 suppositum

152 2371 216 2413 esse
242 2372 260 2413 a
284 2353 520 2423 διασκευασταΐς,
547 2353 623 2424 quod
650 2354 749 2412 critici
776 2353 881 2412 deinde
907 2359 973 2411 vate
998 2353 1151 2424 indignum

100 2445 138 2485 1sa
152 2437 182 2489 et
200 2430 357 2490 tollendum
377 2430 594 2505 putaveriutli).
627 2431 673 2488 Ee
692 2447 739 2488 res
760 2447 847 2503 quum
869 2429 991 2488 antehac
1010 2430 1074 2489 solo
1093 2430 1153 2487 isto

219 2628 255 2690 1³)
277 2624 366 2678 Locus
384 2625 411 2676 in
428 2623 501 2675 brev.
519 2622 607 2677 Schol.
625 2630 666 2676 est
684 2624 718 2676 ad
736 2622 829 2692 Odyss.
848 2624 871 2675 λ.
889 2626 948 2676 083.
975 2622 1022 2689 qui
1042 2637 1102 2676 cem
1124 2638 1152 2691 a·

150 2700 226 2748 ratus
249 2708 309 2746 cum
327 2692 414 2747 Schol.
433 2689 499 2744 Ven.
518 2690 552 2743 ad
570 2691 655 2744 Cetei.
676 2696 733 2745 104.
751 2691 831 2745 etad
849 2690 924 2743 Pind.
942 2662 982 2744 dl.
1000 2690 1021 2757 I,
1041 2693 1084 2745 97.
1103 2639 1151 2745 36-

151 2768 203 2831 661,
220 2761 377 2816 Aristarcho
400 2760 437 2813 ibi
475 2759 546 2812 iures
563 2775 657 2812 uersus
674 2758 707 2812 de
726 2758 932 2826 interpolatione
950 2758 1152 2811 διασκευαποῦ

151 2836 289 2898 suspectos
313 2828 402 2883 fuIssa.
469 2832 480 2879 t
503 2827 525 2880 si
552 2827 616 2895 quid
638 2825 702 2880 fidei
725 2827 807 2880 habet
830 2833 894 2881 nota
917 2825 1015 2880 codicis
1036 2824 1152 2881 Vindob.

152 2898 314 2961 cxxxiii,
343 2912 467 2966 magnam
491 2895 613 2949 lacunam
636 2895 663 2948 in
686 2895 866 2962 pulcherrIma
889 2900 967 2961 parte
997 2892 1060 2946 libri
1083 2893 1152 2948 16611

151 2967 267 3034 suspicio
286 2965 364 3018 illius.
400 2966 458 3020 Hoc
476 2970 566 3017 autem
584 2980 637 3016 uno
656 2964 727 3027 loco,
746 2964 768 3015 ei
786 2969 859 3016 recte
877 2959 999 3028 memini,
1022 2960 1152 3015 Eustath.

151 3034 231 3088 affert
248 3049 304 3086 rem
321 3033 409 3100 iilam,
428 3032 474 3086 sed
492 3031 604 3099 petitam
623 3047 657 3084 ex
675 3033 769 3085 eodem
787 3029 887 3097 Schol,
918 3036 945 3082 et
963 3029 1018 3096 sie,
1041 3035 1073 3081 ut
1090 3044 1152 3083 eam

150 3119 203 3155 non
221 3101 316 3154 meiius
333 3101 457 3155 videatur
473 3099 645 3166 Intellexisse,
673 3115 752 3167 quam
771 3098 911 3167 quisquam
929 3096 1070 3150 doctorum
1087 3104 1151 3149 ante

151 3170 294 3224 editionem
320 3169 438 3222 muneris
454 3168 559 3221 Veneti.
595 3165 684 3232 Quare
708 3167 844 3219 mittamus
867 3166 935 3218 Mer.
954 3163 1151 3229 Gasauhonum

151 3240 197 3306 qui
210 3238 315 3294 Scholio
334 3237 420 3290 lucem
439 3234 592 3290 effundebat
611 3250 644 3286 cx
655 3234 791 3288 Eustathii
803 3232 943 3287 rhetoricis
954 3232 1033 3298 notis,
1052 3233 1081 3284 ie
1111 3232 1152 3286 ui·

152 3308 203 3360 hus
220 3311 384 3360 memoratur
402 3310 492 3375 σχῆμα
510 3304 739 3355 διασκευαστικόν.
776 3302 834 3355 Iam
852 3316 915 3354 vero
934 3298 1003 3354 coni.
1023 3248 1152 3355 sehoilion

151 3375 285 3428 Venetum
303 3375 325 3426 d.
344 3376 401 3426 208.
420 3369 599 3435 (referendum
618 3368 652 3422 ad
668 3388 693 3438 r.
706 3372 860 3435 seo-418.)
879 3371 900 3428 ζ.
912 3373 971 3422 441.
983 3369 1010 3420 0.
1023 3370 1074 3433 73.,
1092 3374 1152 3422 tum

152 3442 218 3496 iliud
235 3461 260 3494 σ.
278 3446 336 3495 300.
356 3440 427 3508 quod
445 3438 535 3506 paullo
555 3445 616 3490 ante
635 3438 758 3505 Iudicavi,
776 3456 800 3491 r.
818 3441 876 3493 327.
896 3443 924 3490 et
940 3439 999 3490 400.
1020 3435 1151 3502 (releren-

152 3511 214 3564 dum
227 3511 260 3564 ad
273 3511 300 3562 1.
321 3512 389 3575 185)
408 3513 464 3561 tum
483 3526 506 3560 o.
524 3509 583 3559 269.
603 3512 630 3559 et
648 3527 677 3559 ω.
699 3511 755 3561 133.
