2482 3960
515 301 693 358 ..gq-

103 454 284 514 consantiens
304 452 382 512 fama
400 459 541 524 testatur,
568 450 743 508 Pffluratum
768 454 896 508 Carmina
916 455 1030 508 Ηοοιοη·
1044 457 1103 523 pn·-

102 550 176 587 mum
195 533 368 602 σοαοίρπσοει
387 531 491 597 isuaia
512 538 536 584 et
554 532 586 583 ιἰι
605 547 663 583 eum
677 531 796 584 ordinem
808 532 948 600 νιάορλοοι,
968 549 1020 601 quo
1033 549 1103 584 uuae

103 610 236 679 loquatur.
276 605 341 664 Hoo
359 605 504 679 posterius
525 603 636 674 Oioaro,
657 604 817 664 Pausanias
832 611 862 662 et
875 606 979 676 reliqui
993 622 1102 669 omues,

103 684 153 755 qni
172 683 348 741 mentionem
366 683 411 739 rai
430 679 548 751 faciunt,
569 680 672 739 iisdem
691 698 783 755 prope
796 681 892 740 verbis
913 688 944 739 et
963 689 996 739 ut
1015 683 1100 753 vulgo
1118 697 1155 736 ua

102 759 285 818 notissimum
304 757 495 831 perhibent&
530 756 588 815 Sed
602 757 744 828 quomodo
754 759 828 816 hano
841 756 946 816 famam
959 759 1102 831 iuterpre-

102 834 195 894 tando
214 835 352 893 torserint
370 833 501 894 nonnulli
515 834 709 892 recentiorum
715 834 750 906 ⁶),
769 835 885 906 longum
900 841 945 892 est
958 841 989 892 et
1000 836 1104 892 mirum
1117 848 1155 888 ιιι

176 1050 199 1119 ⁵)
218 1047 271 1101 Cic.
291 1047 324 1101 de
343 1045 418 1101 Orat.
437 1047 486 1114 III,
505 1049 547 1100 34.
576 1046 640 1102 (tuis
658 1048 752 1097 doctior
769 1049 857 1099 iisdem
875 1049 927 1100 iltis
945 1050 1104 1112 temporibus,

103 1127 149 1170 aut
166 1119 241 1168 euius
258 1117 403 1181 eloquentia
422 1116 514 1167 titteris
532 1115 683 1165 instructior
691 1117 778 1178 suinae
796 1115 920 1178 traditur,
944 1134 1022 1180 quam
1039 1116 1105 1168 Pisi·

101 1185 195 1236 riroti?
222 1185 268 1250 qui
283 1185 385 1250 primus
405 1183 515 1234 Homeri
530 1182 625 1246 libros,
650 1187 768 1241 contusos
786 1192 876 1244 autea,
900 1185 937 1235 aie
955 1183 1105 1249 disposuisse

102 1253 217 1388 iiiiii}
231 1247 724 1388 iiiiipiibii'ssaiiiiffavii}
741 1247 1104 1387 ῗδλλόδῖοημῗῖὲῗῖᾗὲῗρ

122 1387 254 1509 01ηοίζετο.
275 1383 352 1452 [ἄλλα
370 1387 489 1456 ἀλλαχοῦ
508 1384 597 1452 Coray
616 1385 651 1437 ad
668 1385 773 1464 Aeliam.
818 1428 823 1439 .
842 1386 877 1439 H.
895 1390 920 1455 8,
940 1391 957 1440 2
985 1393 1013 1440 et
1030 1387 1105 1454 prior

96 1453 435 1592 attentatam
450 1453 521 1590 δή]
535 1453 1104 1601 ttttatuata‚tattt

101 1591 339 1712 uvssfoyeooue'uuu
358 1591 387 1669 ἐτι
405 1594 459 1641 τῶν
478 1589 611 1652 α’σμάτων
630 1588 747 1657 ὕστερον
767 1593 948 1658 συντεθῆναι,
971 1590 1105 1672 uldehcet,

102 1665 290 1795 &duffio
306 1657 433 1795 (1233
461 1699 509 1796 τήν
520 1656 655 1776 ΙΠΠΠΠΙαΙ,
666 1662 722 1776 zizi
731 1655 1019 1778 gffjfficggffm
1033 1675 1104 1778 iitititc.

102 1794 235 1862 Panegyr.
253 1795 282 1846 in
299 1793 395 1848 Iulian.
413 1793 444 1846 Τ.
462 1793 484 1846 I.
503 1809 529 1860 p.
544 1794 593 1847 170
620 1791 711 1846 Reisk.
732 1745 930 1860 Πεισίστρατον
944 1795 1105 1857 ἐπαινοῦμεν

105 1863 175 1931 ὑπὲρ
193 1867 243 1930 τῆς
259 1867 314 1914 τῶν
330 1861 436 1931 Ὁμήρῳ
455 1864 641 1930 πεποιημένων
661 1861 802 1931 συλλογῆς.
821 1860 917 1916 saidas
934 1880 958 1915 v.
971 1861 1105 1932 Ὅμηροςῑ

96 1927 224 1998 Ὕστερον
243 1930 377 1998 συνετέθη
398 1930 442 1981 καὶ
460 1930 618 2000 συνετάχθη
638 1930 689 1981 ὑπὸ
707 1931 827 1989 πολλῶν,
851 1930 895 1981 καλ
917 1933 1036 1993 μάλιστα
1056 1931 1106 1982 ὑπὸ

104 1995 318 2068 Πεισιστράτου,
335 2001 384 2049 τοῦ
402 2002 457 2048 τῶν
478 1997 520 2050 Ἀθ
540 1999 621 2048 ναίων
639 1999 784 2066 τυράννου,
820 1999 945 2050 Eustath.
963 2015 989 2066 p.
1008 2004 1032 2051 5.
1044 1997 1107 2049 Ὅτι

102 2067 133 2118 ἓν
157 2068 207 2128 μέν
233 2085 257 2119 τι
280 2071 359 2130 σῶμα
383 2068 498 2136 συνεχὲς
521 2016 610 2116 διόλου
627 2065 672 2116 καλ
695 2065 866 2132 εὐάρμοστον
891 2066 908 2151 ή
933 2072 982 2134 τῆς
999 2065 1107 2124 Ἰλιάδος

103 2133 223 2203 ποίησις·
241 2135 265 2186 οἱ
283 2134 313 2186 δὲ
331 2135 495 2196 συνθέμενοι
514 2134 624 2252 ταύτην,
644 2131 707 2184 κατ’
726 2134 864 2204 ἐπιταγήν,
883 2151 921 2191 ως
938 2149 1021 2200 φασι,
1046 2131 1105 2184 Πει-

103 2202 264 2269 σιστράτου.
290 2233 321 2242 -
346 2203 427 2255 Anon
445 2203 482 2255 mi
500 2216 543 2267 ap.
562 2200 645 2253 Atat.
664 2200 681 2254 l.
699 2215 721 2252 o.
761 2198 798 2253 Τὰ
817 2203 848 2253 δὲ
867 2203 1004 2271 ποιήματα
1021 2202 1106 2252 αὐτοῦ

103 2271 139 2322 τὰ
157 2270 261 2359 άληθή,
283 2271 332 2338 (sic
350 2269 408 2322 cod.
426 2218 511 2337 inps.)
530 2269 670 2338 σποράδην
689 2270 827 2338 πρότερον
851 2269 989 2335 α’δάμενα,
1014 2269 1106 2322 Πεισι-

103 2355 224 2407 στρατος
241 2339 376 2408 Αθηναῖος
393 2337 526 2395 συνέταξε
558 2367 587 2376 -
618 2335 736 2405 Περιϊιλνν
756 2339 805 2398 τὰς
821 2327 1038 2408 πάλειςὍμηρος
1056 2333 1107 2409 ήδε

103 2407 140 2458 τά
163 2407 314 2477 ποιήματα·
334 2405 451 2474 ὕστερον
472 2405 503 2458 δὲ
522 2402 720 2467 Πεισίστρατος
742 2407 812 2458 αὐτὰ
830 2408 998 2476 συνήγαγεν,
1020 2410 1059 2466 ὡς
1076 2407 1106 2460 τδ

103 2475 262 2542 ἐπίγραμμα
280 2477 363 2526 τοῦτο
383 2476 466 2542 δηλοῖ,
484 2472 626 2543 Ἀθήνησιν
638 2476 872 2543 ἐπιγεγραμμένον
885 2477 914 2527 ἐν
929 2477 1009 2528 εἰκόνι
1022 2476 1106 2528 αὐτοῦ

103 2546 154 2594 τοῦ
173 2540 387 2611 Πεισιστράτου·

102 2618 105 2623 ’
217 2607 280 2677 Τρίς
295 2627 331 2674 με
350 2628 382 2661 τυ
402 2611 558 2679 αννήσαντα
576 2612 736 2670 τοσαυτάκις
754 2613 886 2673 ἐξεδίωξε

262 2679 346 2746 δῆμος
362 2629 549 2748 Ἐήνεχθειδῶν,
567 2678 611 2729 καὶ
629 2679 687 2744 τρὶς
706 2681 891 2746 ἐπεσπάσατο,

209 2749 257 2799 τὸν
275 2748 361 2813 μέγαν
380 2748 409 2797 ἐν
427 2746 538 2811 βουλαῖς
557 2744 766 2814 Πεισίστρατον
785 2750 816 2809 ὃς
833 2752 879 2801 τὸν
891 2749 1008 2819 Ὅμηρον

261 2813 390 2884 ήθροισα,
409 2815 550 2883 σποράδην
569 2816 601 2865 τδ
619 2815 682 2883 πρὶν
701 2817 867 2879 ἀειδόμενον.

209 2883 344 2953 ήμέτερος
360 2882 415 2950 γάρ
434 2885 522 2940 κεῖνος
538 2884 553 2933 δ
568 2883 691 2952 χρύσεος
707 2882 740 2950 ήν
759 2885 894 2954 πολιήτης,

264 2950 344 3018 εἴπερ
363 2949 495 3019 Ἀθηναῖοι
513 2946 641 3018 Σμύρναν
662 2950 839 3019 ἐπῳκίσαμεν.

173 3038 196 3105 ⁶)
215 3035 284 3088 Nam
301 3041 488 3088 transcurrunt
507 3051 566 3087 eam
584 3035 700 3102 plurimi,
720 3035 796 3102 quasi
814 3051 870 3088 rem
882 3039 959 3102 parvi
971 3038 1105 3090 momenti.

104 3104 161 3156 Alii
180 3103 294 3156 ridicule
312 3103 345 3156 de
364 3118 396 3156 ea
414 3103 560 3171 loquuntur
577 3110 607 3156 ut
619 3102 653 3157 de
662 3120 731 3156 nova
741 3102 865 3157 editione.
884 3105 921 3157 At
933 3106 1106 3170 nemomagis

103 3172 221 3240 ingenue
240 3187 320 3240 quam
339 3170 473 3225 Kusterus
491 3171 592 3224 Histor.
605 3172 663 3224 crit.
674 3172 793 3238 Homeri,
811 3172 898 3238 posito
911 3172 957 3226 illo
968 3173 1106 3225 Eustathii

105 3239 174 3294 loco.
192 3254 219 3306 1).
237 3244 292 3294 99.:
311 3240 375 3290 Nou
396 3251 467 3292 earet
486 3242 596 3305 quidem,
613 3245 704 3306 fateor,
722 3242 784 3290 Ιιασσ
801 3243 926 3292 sententia
944 3240 1105 3302 difficultati·

104 3309 167 3370 buu
187 3317 298 3358 attamen
316 3311 345 3356 ob
363 3310 440 3358 totius
457 3316 517 3375 sere
542 3310 703 3372 antiquitatis
726 3325 871 3358 eonsensum
901 3311 978 3359 aliter
995 3318 1106 3358 statuere

103 3394 156 3426 aon
174 3377 240 3428 licet.
277 3375 440 3428 Consensum
458 3376 500 3427 vir
515 3375 643 3428 historiae
662 3390 788 3427 reverens
806 3374 871 3427 dicit
889 3390 957 3442 eum,
976 3375 1021 3443 qui
1040 3375 1105 3427 Pisi-

104 3449 218 3495 stratum
248 3444 376 3506 σώματος
393 3447 531 3513 συνεχοῦς·
547 3443 589 3492 καλ
607 3443 778 3512 εὐαρμόστου
797 3448 933 3496 auctorem
951 3442 1029 3511 facit,
1052 3459 1105 3495 non

103 3510 260 3564 Homerum.
295 3511 413 3578 Leviter,
439 3522 467 3564 et
484 3511 579 3564 vitiata
596 3511 707 3564 Kusteri
723 3510 863 3578 sententia,
881 3511 985 3579 Dresig.
1005 3527 1031 3578 p.
1049 3514 1105 3564 34:
