2482 3960
564 274 745 327 -84..

156 423 227 496 quid
244 423 293 495 sit,
313 423 451 496 explicui
469 438 527 481 non
545 430 651 495 potest
683 421 960 494 Athoeutrumquu
978 422 1160 485 multodhii

106 509 144 549 1³⁸
157 502 241 559 cilius
261 500 356 559 estin
375 501 412 557 iis
432 497 625 569 Carminrhus,
652 514 729 570 qnae
746 499 831 555 unius
849 499 896 557 vel
914 498 1046 559 duorum
1064 517 1161 559 saecu

157 578 250 636 lorum
277 578 373 649 sputio
399 575 559 646 disiuncta,
584 574 731 646 aequabili
759 576 790 632 in
814 577 982 635 uniuersum
1002 584 1037 635 et
1056 578 1159 637 cuuis

156 653 302 711 simillima
320 651 395 711 facie
414 651 526 710 fallunt.
560 652 674 724 Quippe
692 654 722 706 in
741 655 893 707 ulmum
912 651 993 710 idem
1014 670 1104 713 sonus
1117 659 1159 713 est

158 729 289 788 ommhns
309 729 401 800 lihris,
421 728 498 786 idem
516 728 633 787 habitus
652 729 869 799 sententiarum,
888 730 1045 802 orationis,
1064 746 1157 789 nume·

155 823 262 865 rorum.
303 806 400 877 Quare
419 821 540 863 necesse
566 807 623 862 erit
642 805 806 862 excutiatur
824 804 980 876 aliqnando
1000 807 1158 865 deauratis·

156 884 238 954 sime,
259 882 329 953 qnid
348 883 399 939 illa
418 890 549 940 extrema
567 882 712 953 legentem
731 898 819 938 un-
838 898 875 939 ex
887 881 986 939 multis
999 883 1062 942 isto
1074 900 1156 941 semu

156 959 301 1031 imbuerit,
321 975 398 1030 qnae
417 958 571 1017 insolentia
590 959 629 1015 sit
648 959 678 1014 in
697 957 845 1015 uocabulis
859 963 890 1015 et
901 958 1110 1032 locutionibus,
1128 965 1156 1017 et

156 1036 259 1108 qualis,
280 1040 358 1105 (nam
377 1037 442 1108 ipsa
460 1036 494 1093 Il.
510 1032 542 1092 Α.
555 1035 697 1106 quaedam
709 1033 799 1091 hahet
811 1030 891 1101 ἅπαξ
900 1030 1069 1109 lenirem)
1088 1036 1155 1109 quid

154 1112 301 1170 diversum
332 1118 362 1170 et
386 1112 513 1185 disparis
533 1113 637 1170 coloris
658 1112 688 1167 in
706 1111 859 1168 sententiis
878 1116 909 1168 et
927 1109 1155 1172 conformatione

155 1205 263 1259 earum,
283 1204 359 1259 quae
378 1189 504 1259 vestigia
522 1188 633 1246 lateant
654 1187 767 1244 aliem
786 1187 956 1245 imitationis
968 1187 1000 1244 in
1013 1188 1063 1257 iis,
1082 1205 1154 1260 quaa

154 1280 292 1337 expressa
317 1270 384 1321 sunt
409 1281 447 1322 ex
469 1264 613 1332 Homero,
640 1263 690 1320 ubi
718 1264 800 1320 nervi
825 1261 961 1321 deficiant
979 1279 1017 1321 ac
1036 1266 1153 1337 spiritus

154 1340 335 1410 Homericus,
356 1340 426 1411 qnid
445 1341 573 1398 ieiunum
593 1347 624 1398 et
642 1338 780 1411 frigidum
799 1341 838 1397 sit
857 1341 887 1396 in
905 1340 979 1398 locis
991 1342 1105 1413 multis,
1123 1347 1155 1399 nt

152 1417 186 1474 Il.
207 1435 238 1505 φ.
260 1418 393 1487 suasqq.
417 1424 447 1474 et
466 1419 497 1474 in
516 1434 621 1489 magna
640 1422 725 1488 parte
745 1414 953 1492 τερατολογίας
970 1416 1061 1477 huius
1079 1418 1152 1489 libri,

154 1499 187 1550 ut
205 1508 237 1549 m
255 1493 385 1565 proxImo
404 1492 444 1561 X,
463 1493 512 1550 nbi
532 1499 630 1551 tamen
648 1493 733 1565 plura
752 1493 856 1561 nitent,
876 1493 930 1562 (ita
948 1493 1048 1552 nitent
1067 1496 1154 1553 otiam

151 1569 243 1627 multa
262 1569 291 1625 in
310 1568 479 1642 Theogonis
505 1571 583 1627 etin
603 1569 691 1628 Scuto
711 1569 826 1640 Herc)
853 1575 886 1626 nt
904 1566 935 1645 ψ.
957 1575 1093 1642 88-sqq„
1122 1576 1153 1629 nt

151 1667 186 1702 ω.
207 1648 340 1717 247.3ιι(].
362 1653 507 1718 602.sqq.,
526 1653 560 1703 ut
579 1646 681 1717 Odyss.
702 1643 733 1722 φ.
754 1653 819 1704 310.
831 1661 903 1716 sqq,
922 1651 956 1702 ut
975 1666 1009 1701 ω.
1033 1654 1152 1719 ideoq.

151 1721 198 1780 Da
223 1722 268 1780 his
295 1728 327 1779 et
352 1723 416 1780 aliis
436 1722 568 1795 pluribus
587 1720 793 1794 disputandum
813 1722 871 1779 erit
889 1721 963 1779 alias
983 1723 1152 1795 singulatim

155 1804 186 1856 et
205 1798 398 1856 intentissima
417 1815 502 1869 cura,
528 1815 652 1870 quares
672 1804 755 1855 tanta
774 1797 864 1870 digna
883 1804 937 1855 est.
976 1798 1065 1858 Nunc
1082 1800 1154 1858 haec

152 1873 324 1932 subnotasse
344 1875 415 1932 satis
435 1874 537 1945 habeo,
557 1875 629 1931 nihil
648 1891 760 1946 corana,
780 1881 919 1945 quantum
933 1873 1002 1932 inde
1014 1877 1153 1935 momenti

153 1950 191 2008 ad
211 1950 363 2023 superiora
381 1957 552 2024 argumenta
572 1952 736 2009 accesserit.

568 2161 733 2239 XXXII.

224 2332 383 2406 Pergamus
404 2335 440 2392 ad
462 2351 506 2407 oa,
527 2352 601 2406 quae
623 2333 728 2392 Graeci
748 2347 889 2390 consensu
909 2330 1098 2393 tradiderunt
1117 2334 1154 2393 do

148 2409 344 2468 vetustissima
368 2410 491 2468 historia
509 2412 610 2469 horum
633 2411 812 2478 carminum,
838 2415 942 2466 tenues
964 2414 995 2467 et
1013 2409 1153 2469 obscuras

96 2499 134 2539 ms
147 2498 201 2556 per
220 2499 251 2541 se
273 2486 419 2557 reliquias,
440 2501 493 2543 nec
513 2487 571 2544 illis
591 2487 662 2559 ipsis
677 2487 748 2544 satis
762 2485 936 2554 intellectas,
956 2484 1039 2544 nobis
1054 2493 1154 2545 antem

147 2561 205 2617 iam
226 2577 281 2618 non
302 2562 377 2619 omni
398 2562 462 2619 luce
483 2568 624 2620 carentes.

223 2635 351 2695 Primum
378 2637 496 2696 Homeri
529 2640 625 2712 poesis
651 2655 670 2696 a
697 2637 928 2696 Lacedaemonio
953 2636 1090 2710 Lycurgo
1115 2655 1152 2697 ex

146 2712 228 2770 Ionia
253 2713 282 2769 in
309 2712 539 2787 Peloponnesum
559 2716 643 2774 illata
662 2731 726 2773 esse
751 2714 865 2773 dicitur.
908 2714 1038 2784 Quatuor
1064 2715 1150 2773 nobis

148 2793 263 2847 exstant
282 2789 366 2849 huius
387 2793 429 2849 rei
451 2797 541 2850 testes
551 2790 584 2864 ²),
605 2794 633 2849 in
654 2792 699 2849 his
720 2792 829 2864 primus
850 2796 880 2848 et
894 2797 992 2848 aetate
1006 2795 1037 2848 et
1049 2797 1150 2851 aucto

146 2865 234 2923 ritate
254 2866 425 2927 Heraclides
446 2868 593 2941 Ponticus,
614 2869 663 2940 qui
685 2867 818 2925 Carmina
838 2883 855 2924 a
876 2866 1030 2939 Creophyli
1051 2873 1150 2938 poste·

146 2942 187 2999 ris
209 2950 330 3016 accepta
349 2944 448 3003 refert.
487 2947 543 3004 Hic
564 2945 757 3018 Creophylus,
783 2945 912 3014 quamvis
932 2943 1016 3002 homo
1035 2941 1149 3003 fabulo-

145 3034 203 3090 sus,
215 3035 300 3089 quum
311 3021 339 3077 in
352 3022 556 3093 antiquissimis
570 3023 669 3094 Epicis
684 3026 713 3077 et
727 3021 824 3077 amicis
835 3019 955 3077 Homeri
968 3026 1147 3092 numeretur,

147 3094 210 3152 oius
232 3102 365 3168 posteros
386 3099 521 3156 coniicias
542 3097 631 3155 fuisse
644 3096 781 3155 familiam
796 3093 902 3152 ἀοιδῶν
917 3096 977 3153 sive
987 3091 1149 3173 ῥαψῳδῶν,

144 3171 193 3241 qui
215 3170 350 3230 Carmina
370 3180 474 3245 rogatu
494 3175 620 3247 Lycurgi
640 3173 792 3231 docuerint
811 3171 1074 3244 Lacedaemonios,
1100 3174 1148 3230 vel

210 3351 222 3390 θ
251 3348 385 3404 Heraclii.
404 3350 510 3417 I'rugm.
530 3365 564 3401 πε
590 3348 598 3399 l
614 3348 754 3400 πολιτειῶν
773 3348 800 3400 iu
820 3348 900 3402 Gron.
920 3347 999 3401 Thes.
1017 3347 1076 3400 ΑΛ.
1090 3346 1146 3401 GG.

143 3417 175 3471 T.
195 3356 240 3472 Vl.
259 3434 284 3485 p.
304 3422 381 3472 2823.
400 3418 431 3470 B.
468 3417 519 3471 Dio
544 3368 679 3495 Chrysost.
706 3417 750 3470 Or.
768 3416 803 3468 II.
822 3433 849 3483 p.
868 3418 910 3471 87.
947 3415 1038 3469 Reisk.
1074 3415 1145 3468 Plut.

145 3484 173 3539 in
192 3484 317 3554 Lycurgo
338 3502 364 3554 p.
383 3489 425 3539 41.
444 3484 476 3540 D.
495 3483 599 3538 Aehan.
618 3482 649 3537 V.
668 3484 702 3537 11.
720 3484 797 3552 XIII,
819 3489 857 3538 14.
