2482 3960
554 285 736 344 ..73-

150 441 245 500 eidem
266 440 334 498 olim
353 438 440 497 dubio
460 453 574 497 rumore
594 436 711 496 tributa.
740 436 874 509 Denique
888 438 976 496 etiam
989 443 1153 510 postremo

150 534 214 575 rum
234 523 395 589 temporum
414 520 518 587 poetae
538 514 747 585 quodammodo
767 513 931 586 ostendunt,
951 530 983 572 se
1005 514 1043 572 de
1065 512 1152 574 artih

149 595 226 653 cioso
249 599 385 651 contextu
404 591 516 651 dliados
530 607 548 649 e
562 590 763 650 Grammaticis
775 607 833 650 nou
847 591 1029 649 dissensisse.
1060 591 1151 663 Quum

150 672 251 743 inepto
272 669 345 726 enim
366 668 539 739 consilicis
560 683 644 739 quem
664 668 749 739 vulgo
771 668 906 739 Quintum
927 667 1086 727 Calabrum
1105 685 1150 728 ru-

155 751 232 817 cant,
251 744 421 818 rhapsodias
443 761 509 803 suas
529 745 609 801 velut
627 745 767 803 maturius
781 743 922 817 abruptae
935 744 1023 802 Iliadi
1035 745 1150 818 supple-

155 828 284 881 mentum
304 822 489 892 attexuisset,
516 821 572 878 nisi
599 822 731 893 exempla
752 821 881 894 priorum
900 826 1066 893 temporum
1085 826 1149 881 aute

156 900 254 958 oculos
280 898 442 956 habuisset!
470 898 624 969 Culpamus
650 897 765 968 quidem
787 913 866 969 eum,
891 897 1149 968 tanquamrudem

158 981 388 1049 praesepiorum,
414 989 488 1045 quae
510 989 586 1030 nune
604 975 688 1045 pueri
709 989 744 1031 ex
762 974 913 1033 Balteusio
932 973 1065 1032 discunt:
1085 989 1149 1033 nun

158 1053 251 1110 nunus
272 1052 461 1124 culparemus,
482 1051 507 1108 si
525 1048 600 1108 forte
619 1049 713 1108 Iliada
731 1051 762 1108 in
780 1050 879 1108 reditu
890 1049 1012 1109 Achillis
1031 1048 1149 1122 finitam,

154 1136 243 1200 atque
263 1127 329 1186 inde
350 1128 388 1185 ad
406 1127 542 1185 Hectoris
561 1124 646 1184 iunus
666 1127 702 1186 ab
716 1127 767 1185 illo
780 1127 943 1199 suppletam
954 1126 1148 1186 haberemus?

151 1204 383 1264 Aecommodare
403 1209 433 1261 et
453 1203 626 1274 subiungere
647 1219 678 1261 se
697 1203 785 1262 rebus
804 1205 860 1261 scit
871 1203 1058 1275 philosophia
1071 1203 1148 1276 urh‘s,

151 1297 207 1339 non
228 1297 294 1339 raro
315 1281 403 1339 etiam
421 1277 557 1338 fortuitis.
593 1278 763 1351 (latalogum
782 1279 930 1352 copiarum
949 1280 974 1338 si
993 1295 1054 1338 non
1074 1280 1149 1353 lege·

151 1373 247 1414 remus
269 1357 302 1414 Il.
323 1356 368 1428 B,
393 1356 444 1413 illa
463 1355 542 1427 nihil,
564 1361 643 1428 puto,
664 1357 798 1416 omissum
819 1361 1008 1427 quereretur3
1028 1353 1149 1416 forsitan

27 1480 31 1485 .
96 1451 133 1491 ms
150 1433 230 1491 adeo
251 1448 315 1491 eam
334 1437 447 1504 partem
456 1431 595 1504 historici,
614 1448 671 1490 non
683 1438 787 1505 poetae
801 1449 865 1491 esse
879 1432 1034 1504 docuisset,
1054 1433 1148 1492 riden-

157 1510 376 1624 dumquewessa
397 1509 446 1580 qui
465 1508 584 1567 heroum
603 1509 735 1567 notitiam
755 1509 864 1581 absque
884 1524 920 1568 ea
938 1524 1075 1568 mancam
1094 1509 1149 1569 exi-

148 1587 279 1644 stimaret
310 1590 330 1658 ).

587 1795 711 1876 XXX.

228 1967 269 2025 At
287 1967 357 2024 licet
376 1973 504 2025 veterum
524 1967 656 2040 plerique
675 1966 827 2026 artificium
847 1972 1010 2027 structurae
1030 1973 1148 2028 etcum

154 2044 306 2118 positionis
328 2042 490 2101 Garminum
504 2043 721 2104 Homericorum
740 2044 785 2102 vel
806 2044 931 2102 assecuti
944 2059 1003 2102 non
1014 2045 1084 2117 sint,
1104 2044 1149 2103 vel

149 2122 242 2180 minus
256 2126 401 2193 accurate,
413 2136 498 2191 quam
511 2120 596 2180 hodie
610 2121 743 2192 solemus,
758 2120 956 2192 existimarint,
969 2125 1072 2179 tamen
1080 2121 1148 2193 quin

147 2198 219 2256 insit
238 2198 268 2255 in
288 2199 323 2254 iis
344 2197 470 2269 aliquod,
491 2197 618 2256 dubitari
636 2197 715 2255 nullo
733 2203 819 2270 pacto
838 2202 943 2272 potest.
984 2197 1036 2256 Sin
1050 2203 1148 2257 autern

154 2275 327 2345 dubitamus,
351 2273 507 2332 Homerine
526 2272 558 2331 id
583 2275 634 2345 sit,
655 2290 692 2331 an
712 2273 748 2331 ab
768 2274 834 2332 aliis
853 2274 986 2346 ingeniis,
1005 2273 1147 2333 invitante

152 2352 218 2422 ipso
239 2356 408 2422 argumento
422 2366 520 2408 eorum
540 2355 570 2407 et
583 2349 684 2408 ordine
696 2348 822 2422 fabulae,
842 2350 992 2422 adscitum,
1012 2350 1147 2421 quaestio

145 2427 219 2484 haec
239 2431 284 2484 est
304 2425 452 2497 eiusmodi,
479 2426 509 2483 in
529 2442 586 2495 qua
598 2442 664 2498 uon,
685 2426 754 2497 quid
766 2427 887 2498 poeticis
901 2426 1147 2499 legibuscousen·

153 2508 269 2560 taneum
283 2506 334 2559 aut
345 2506 450 2573 poetae
462 2500 647 2560 honorificum
660 2509 803 2576 putemus,
824 2503 1011 2576 spectandum
1025 2503 1075 2573 sit,
1094 2501 1147 2562 sed
1167 2526 1171 2533 ¹

151 2577 222 2650 quid
242 2595 278 2637 ex
295 2577 440 2637 historicis
461 2582 491 2635 et
511 2578 618 2636 criticis
631 2579 791 2638 rationibus
804 2581 960 2639 verisimile
973 2578 1146 2639 essevidea·

151 2794 197 2862 qui
210 2809 305 2861 prosae
318 2792 353 2847 ad
365 2794 544 2873 doctrinarum
554 2809 631 2872 usum
640 2792 802 2872 excolendae
813 2792 906 2847 utilius
914 2793 1067 2864 studebant,
1085 2811 1146 2865 per·

150 2863 274 2916 fecerunt
292 2861 476 2929 Alexandmm‚
494 2877 511 2915 a
529 2861 626 2930 quibus
643 2861 768 2940 vemtad
785 2860 920 2916 Romanos
950 2867 978 2915 et
995 2862 1030 2916 ab
1048 2862 1145 2918 horum

148 2930 257 2998 ingenio
274 2946 344 2985 nova
361 2935 517 2985 ornamenta
533 2929 645 2998 accepit.
675 2929 746 2983 Hunc
764 2929 856 3008 generi
866 2900 1004 2997 profusum
1022 2938 1072 3000 est,
1090 2948 1145 2989 non

146 2999 297 3066 exemplum
315 2999 407 3052 datum
424 2997 459 3052 ab
476 2997 594 3052 Hesiodo
613 3002 641 3051 et
658 2997 799 3052 Gnomicrs.

215 3084 252 3149 ⁹⁶)
269 3082 321 3136 Hic
343 3082 421 3137 nobis
442 3082 609 3162 in'mcntem
636 3082 717 3164 venit¹
727 3088 944 3150 argumentorum
960 3082 1144 3166 ridiculorum,

147 3150 514 3274 stultuhhhltt
525 3151 769 3281 istt‘ta
780 3152 1144 3288 hillliimllffltffli

146 3291 176 3339 irs
191 3289 323 3355 principio
342 3287 471 3342 Conuiuis
484 3234 604 3339 celetem
623 3259 674 3338 esec
686 3288 775 3354 filium
793 3287 864 3340 Pelei
882 3235 991 3354 dilen?
1003 3238 1143 3353 quioqeua

147 3357 247 3420 Peleus,
264 3373 316 3408 uon
334 3356 451 3408 amida:
470 3372 545 3420 qaam
562 3372 615 3406 rem
629 3357 723 3421 procul
740 3356 819 3407 dubio
837 3356 951 3418 daura,
968 3357 1022 3407 uiri
1041 3357 1075 3408 ab
1088 3358 1143 3411 Hc·

145 3425 216 3475 siodo
236 3426 288 3475 iam
310 3424 405 3476 dicim
427 3424 523 3476 aderet
545 3427 596 3476 etc.
636 3422 712 3477 Haec
734 3421 866 3491 quomodo
888 3422 954 3476 illuc
976 3423 1143 3494 pertineant,

145 3491 325 3559 unumquisque
342 3491 422 3545 ridet.
