2482 3960
489 277 721 330 ·-a4-

136 421 248 493 longius
277 420 379 479 abesse
406 422 555 481 concedes.
595 423 660 481 Non
681 428 776 482 movet
795 439 856 495 rna,
883 424 960 495 quod
984 425 1056 482 nihil
1077 431 1141 485 tarn

134 499 283 567 antiquum
303 503 407 570 exstat,
428 499 509 557 cuius
530 500 713 558 contentione
732 500 1139 574 resdeprehendatur.1Quis

135 575 219 644 enim,
239 574 362 646 primum
382 575 483 633 videns
503 575 633 633 adultum
653 576 796 634 hominem
817 586 847 634 et
866 578 981 650 integra
993 581 1140 650 magnitu-

136 651 212 720 dine,
234 649 348 708 discere
369 652 468 724 cupiat
489 667 525 709 ex
543 653 616 724 ipso,
637 653 715 722 quali
736 667 870 711 mensura
889 652 986 726 fuerit,
1007 669 1096 724 quum
1109 656 1140 713 in

135 725 284 784 cunabulis
304 729 400 785 esset?
422 729 563 800 Quocirca
582 734 694 786 tanturn
715 728 807 795 abest,
828 736 861 787 nt
881 746 945 788 oum
964 731 987 787 Ι.
1009 731 1043 789 G.
1064 731 1139 790 Vos·

135 801 219 872 sio¹⁹l
247 804 352 862 ceteris
379 805 567 877 scriptoribus
588 804 761 863 oblivionem
781 811 832 863 ant
851 807 1044 878 ignorantiam
1063 807 1138 867 obii-

135 880 221 951 ciam,
243 880 318 950 quod
339 880 412 939 haec
430 887 490 940 tarn
509 881 634 954 insignia
654 888 838 940 monumenta
858 883 1021 956 scripturae
1041 888 1137 942 mans·

134 959 230 1015 ierunt
249 956 372 1029 silentio,
388 964 431 1015 nt
451 959 538 1016 etiam
564 975 599 1016 ex
618 958 672 1016 hoc
691 959 754 1029 ipso
765 958 954 1016 dubitandum
970 965 1079 1032 putem,
1100 977 1139 1018 an

135 1032 301 1092 Herodotus
321 1034 393 1092 illud
413 1034 550 1092 iudicium
570 1051 653 1092 suum
675 1033 790 1093 (trilicis
808 1051 878 1092 snae
892 1036 1138 1109 nationisproba-

135 1110 216 1167 verit.
257 1109 395 1181 Idemque
415 1111 451 1169 de
471 1112 591 1182 reliquis
612 1111 855 1183 inscriptionibus,
870 1127 941 1182 quas
956 1112 1086 1170 nonnulli
1100 1129 1137 1171 ex

136 1186 237 1245 eodem
257 1187 364 1258 templo
385 1186 563 1259 produntffl),
588 1188 774 1246 statuendum
795 1203 860 1244 esse
880 1188 1013 1248 arbitror.
1092 1230 1094 1234 .

97 1283 121 1320 ar
210 1262 305 1334 Igitur
323 1263 378 1322 hoc
397 1280 484 1320 unum
504 1264 619 1321 videtur
638 1269 720 1321 recte
740 1263 836 1335 colligi
856 1279 892 1321 ex
910 1263 1068 1336 Herodoto,
1093 1280 1137 1324 ar-
1159 1264 1164 1273 '

136 1343 195 1395 tem
216 1338 361 1397 scribendi
375 1339 432 1397 iam
446 1339 553 1398 dudum
568 1345 635 1398 ante
650 1341 729 1397 illum
744 1341 887 1411 cognitam
902 1341 1137 1412 celebratamque

135 1412 241 1486 fuisse,
266 1421 299 1472 ut
324 1415 431 1473 ultimis
457 1416 634 1488 temporibus
661 1417 804 1488 assignari
829 1422 936 1488 posset.
984 1418 1047 1489 Quo
1072 1418 1138 1491 ipso

136 1491 247 1549 destrui
266 1496 352 1564 putes
364 1491 489 1562 ⁸Woodii
509 1493 682 1566 opinionem.
722 1494 798 1551 Nam
820 1494 845 1550 si
864 1492 936 1550 illud
955 1498 1014 1551 tarn
1034 1495 1137 1566 paucis

136 1569 218 1624 annis
239 1574 306 1626 ante
326 1567 506 1628 Herodotum
526 1567 589 1627 fieri
609 1570 762 1643 coepisset,
789 1566 1015 1644 ἱστορικώτατος
1035 1576 1138 1630 auctor

136 1660 192 1703 non
212 1645 262 1717 ita,
283 1650 316 1703 ut
335 1642 413 1716 facit,
433 1646 613 1703 iudicaturus
635 1652 706 1703 erat.
748 1645 890 1704 Ceterum
902 1661 1012 1717 vereor,
1032 1661 1069 1715 ne
1084 1647 1137 1703 tri-

136 1721 247 1778 tissima
266 1719 365 1780 fabula
386 1721 422 1779 de
444 1721 553 1780 Cadmo
573 1720 728 1780 referenda
748 1723 786 1778 sit
805 1722 901 1794 potius
921 1722 959 1780 ad
980 1718 1137 1793 antiqnita-

135 1803 195 1854 tem
214 1797 304 1868 ipsius
324 1798 442 1870 inventi,
463 1813 548 1868 quam
569 1798 606 1855 ad
627 1814 691 1855 eum
712 1803 836 1856 tractum
850 1799 997 1870 temporis,
1018 1814 1074 1870 quo
1087 1815 1139 1858 no·

136 1874 202 1930 titia
222 1873 283 1931 eius
305 1873 343 1931 ad
366 1873 494 1933 Graecos
514 1875 687 1947 pervenerit.
722 1875 801 1932 Talis
823 1875 898 1932 enim
918 1875 1026 1933 inventi
1046 1891 1138 1947 vagus

136 1966 234 2008 rumor
252 1950 331 2007 haud
352 1948 438 2009 dubie
459 1951 537 2023 apud
556 1950 621 2010 illos
641 1949 805 2023 praecurrit
829 1957 982 2009 accuratae
1001 1952 1138 2022 notitiae3

135 2027 210 2083 hanc
229 2026 315 2098 longo
335 2027 488 2086 interiecto
508 2028 603 2100 spatio
623 2027 737 2085 rudium
757 2043 892 2085 manuum
905 2028 1072 2099 imitamina,
1095 2033 1139 2085 at-

137 2119 192 2174 que
218 2103 292 2161 haec
317 2111 463 2176 postremo
495 2105 622 2176 vulgaris
654 2121 722 2162 usus
750 2110 780 2162 et
807 2104 979 2176 conscriptio
999 2104 1139 2162 librorum

136 2185 237 2238 secuta
257 2182 310 2238 est.
333 2179 360 2252 [ὁ
374 2175 510 2278 Ἡμακλῇς
528 2179 545 2238 ὁ
565 2177 603 2248 ἐξ
612 2179 759 2259 Ἀλκμήνης
778 2179 826 2236 καὶ
846 2178 915 2244 Διὸς
932 2175 965 2258 ἦν
983 2177 1037 2256 μὲν
1050 2212 1088 2221 -
1102 2175 1142 2246 ἐξ

136 2254 231 2352 ἀρχῆς
244 2289 281 2298 -
295 2255 418 2320 Ἀλκαῖος
431 2276 564 2333 τοονομα,
584 2255 730 2333 ὑπέδραμε
743 2253 778 2314 δὲ
791 2254 841 2334 τὴν
854 2251 884 2312 Ἡ
898 2253 1022 2320 ακλέοος
1033 2274 1139 2332 προςη-

137 2351 235 2424 γομιοιν
259 2331 441 2408 νομιζομένου
467 2331 545 2408 παρὰ
570 2336 630 2397 τοῖς
655 2331 721 2389 τότε
741 2331 821 2388 θεοῦ.
848 2276 917 2388 ballac
946 2330 995 2386 καὶ
1020 2327 1051 2385 ἐν
1072 2335 1138 2396 ταῖς

140 2405 245 2484 θηβαις
275 2406 309 2464 la
327 2427 361 2472 ος
392 2402 456 2486 ἔχει
486 2407 573 2463 πάλαι
602 2406 673 2465 ποτὲ
697 2406 751 2465 ἀνδ
770 2406 850 2464 ιάντοι
876 2403 945 2462 ἴδιον
969 2401 1141 2481 Ἡρακλέους

136 2481 277 2560 εὑρῆσθαι
332 2482 454 2618 ιγμαφέν
474 2478 582 2560 ἔχοντα
594 2481 717 2548 Ἀλκαῖος
731 2488 736 2508 ’
749 2479 932 2559 μφιτμύωνος
943 2476 1141 2561 Ἡμοικλεῖχα-

134 2558 287 2637 preceptor.
310 2560 387 2618 Sext.
436 2563 518 2634 mpir.
540 2566 566 2631 9,
588 2563 646 2633 36.]
806 2581 810 2589 ·

599 2711 684 2786 XV.

214 2849 271 2908 Hie
291 2865 348 2908 non
369 2849 479 2922 dubito,
500 2851 569 2922 quin
587 2848 678 2908 futuri
699 2850 757 2907 sint
775 2847 868 2915 multi,
888 2847 938 2918 qni
956 2848 1057 2920 talium
1070 2865 1139 2919 pro·

137 2942 287 2997 gressuum
314 2926 552 2997 significationem
582 2927 634 2985 sub
664 2927 722 2983 illis
753 2922 914 2983 nominibus
944 2924 1049 2994 latere,
1083 2941 1139 2984 nec

204 3091 240 3155 l⁹)
259 3090 299 3142 De
317 3090 385 3142 Arte
404 3103 513 3155 gramm.
532 3087 554 3153 Ι,
575 3091 614 3140 10.
632 3101 659 3153 p.
678 3089 719 3137 50.

205 3160 241 3224 20)
259 3157 297 3211 Ut
313 3157 427 3210 Pausan.
446 3155 498 3222 IX,
525 3159 565 3208 11.
600 3153 711 3207 Illorum
734 3166 859 3204 versuum
882 3151 1027 3204 novitatem
1053 3149 1136 3217 plane

136 3226 227 3294 prodit
245 3241 299 3280 nna
316 3224 464 3278 contractio
482 3223 578 3292 ἑαυτῷ.
597 3221 656 3275 Νοο
674 3219 809 3287 antiquius
828 3224 869 3272 est
887 3219 1051 3285 epigramma
1069 3216 1138 3271 illud

137 3311 180 3364 ap.
198 3294 311 3350 Ariston.
329 3291 426 3346 Mirab.
445 3293 526 3345 Auso.
547 3294 603 3344 145.
641 3287 685 3358 [cf.
704 3288 849 3341 Hermann.
868 3288 903 3341 ad
918 3285 1000 3353 Orph.
1017 3302 1044 3352 p.
1063 3286 1135 3355 7864

137 3365 182 3416 An
205 3364 284 3416 aliter
306 3359 478 3414 iudicandum
496 3359 531 3412 sit
549 3357 582 3412 de
601 3354 819 3424 inscriptionibus
836 3353 949 3408 aliorum
966 3352 1136 3432 templorum,

138 3446 205 3499 quas
222 3437 328 3484 veteres
345 3428 444 3496 passim
462 3427 573 3481 tradunt
590 3441 625 3479 ex
642 3425 826 3492 antiquissima
837 3429 934 3489 aetate,
952 3421 998 3474 alu
1009 3420 1135 3476 viderint.

137 3499 206 3553 Mihi
217 3499 325 3552 videtur
336 3497 364 3550 in
375 3500 433 3550 toto
444 3495 496 3549 boc
508 3510 607 3563 genere
618 3493 733 3562 primum
745 3497 838 3544 sancta
849 3490 923 3544 frans
935 3494 1056 3557 grassata
1068 3503 1136 3543 esse.
