2482 3960
560 280 740 334 ..24-

152 428 198 486 vel
216 427 358 499 mussitat,
378 425 513 486 ieoillime
534 428 636 500 cuique
655 428 823 500 patiendum
843 444 874 487 se
894 428 969 487 vinci
983 428 1019 487 ab
1033 429 1078 501 iis,
1100 431 1151 503 qui

152 505 302 562 obscuram
321 501 425 565 famam
447 510 477 562 et
495 504 607 562 incerta
635 520 731 562 rerum
750 505 923 564 traditarum
943 506 1066 578 vestigia
1084 523 1149 565 ver-

152 581 260 638 sutiore
294 581 423 639 acumine
455 581 642 652 interpretari
677 581 778 639 sciant.
818 581 853 639 In
877 581 933 640 hae
957 583 1031 640 euim
1055 583 1150 655 prima

152 662 262 728 aetate,
288 658 318 714 in
344 672 401 733 qaia
420 657 567 715 Homerici
595 662 692 716 textus
720 657 846 730 origines
867 657 1051 730 quaerendae
1072 665 1147 732 sunt,

151 733 198 790 vix
218 739 304 792 tenue
325 733 419 791 lu'men
439 732 595 804 habemus3
623 751 680 806 quo
700 739 798 792 tamen
818 739 869 792 aut
887 736 981 807 perite
1000 735 1148 808 utendum,

151 814 202 867 aut
220 810 358 881 pleraque
377 810 514 868 insecutis
535 810 713 884 temporibus
735 809 814 870 facta
826 826 979 885 perperam
991 812 1149 871 existimari

150 901 268 944 necesse
289 892 342 945 est.
482 901 485 905 ’
723 928 725 933 -

607 1117 693 1191 mr.
730 1076 732 1080 '

224 1290 322 1362 Ipsum
350 1289 511 1361 ingressum
541 1289 666 1349 obstruit
693 1290 775 1350 nobis
810 1291 959 1365 proposita
985 1307 1077 1364 nuper
1100 1292 1147 1350 vel

148 1365 245 1438 potius
264 1372 403 1424 renovata
423 1366 593 1438 gravissima
622 1367 753 1437 quaestio
779 1366 938 1441 deprimis
964 1367 1053 1426 initiis
1077 1369 1147 1426 scri-

149 1441 236 1500 bendi
253 1440 331 1515 apud
345 1442 481 1502 Graecos.
522 1443 579 1502 Sed
597 1442 672 1501 hanc
691 1444 807 1515 quidem
820 1450 853 1502 ut
865 1445 975 1503 minore
990 1444 1146 1504 offensione

150 1524 280 1591 repetam
301 1524 338 1591 et,
359 1520 384 1576 si
403 1525 516 1592 potero,
542 1517 703 1593 prodigam,
731 1521 881 1594 inprimis
901 1520 1047 1594 Woodiiss)
1068 1520 1146 1594 inge·

111 1612 136 1650 41
149 1596 231 1654 niosa
251 1594 373 1654 audacia
392 1594 469 1654 fecit.
510 1597 584 1656 Nam
611 1596 636 1654 si
656 1597 757 1670 proavi
776 1599 868 1657 nostri
888 1597 964 1666 serio
985 1597 1146 1657 dubitatum

150 1671 305 1742 audissent,
330 1688 398 1730 num
417 1673 551 1746 princeps
573 1673 746 1746 scriptorum
759 1674 902 1734 Homerus
916 1673 1068 1746 scriptoria
1082 1679 1145 1733 arte

217 1870 239 1936 ⁸)
257 1869 289 1922 Iu
307 1867 516 1922 celebratissimo
534 1868 617 1923 libro:
646 1871 691 1918 An
710 1869 793 1936 Essap
812 1887 845 1920 oa
862 1867 900 1921 ibe
916 1870 1026 1936 original
1046 1869 1145 1922 Genius

148 1938 180 2001 of
193 1939 295 1999 Homer,
314 1951 366 1990 sec.
384 1935 447 1990 edit.
469 1937 542 1993 1775.
560 1936 649 2004 capite
668 1935 799 2004 eoquod
817 1941 857 1990 est
869 1935 902 1991 de
914 1937 1035 1992 oratione
1044 1943 1071 1991 et
1083 1937 1144 1992 doc·

83 2030 85 2034 *
147 2005 219 2058 trina
236 2010 341 2072 potitae.
376 2004 432 2072 Ibi,
455 2010 486 2058 ut
504 2004 531 2057 in
549 2009 606 2058 toto
625 2004 707 2072 libro,
731 2004 810 2072 plura
828 2011 890 2059 sunt
907 2005 974 2059 scite
991 2011 1019 2058 et
1037 2005 1144 2084 egregie

148 2073 346 2141 animadversa,
368 2072 420 2127 nisi
443 2073 515 2141 quod
533 2072 666 2127 subtilitas
682 2072 740 2126 iere
758 2071 848 2140 deest,
872 2072 929 2127 sine
947 2089 1000 2141 qua
1017 2072 1145 2127 historica

149 2140 293 2208 disputatio
311 2140 465 2209 persuadet,
484 2156 537 2196 non
555 2139 635 2194 fidem
652 2139 726 2194 facit.
754 2141 841 2210 igitur
857 2139 924 2194 illud
941 2147 1023 2208 caput
1039 2141 1143 2208 potissi-

84 2264 85 2271 ,
147 2225 219 2262 mum
237 2224 356 2277 nupera
374 2208 495 2276 pluribus
512 2208 576 2263 viris
588 2207 673 2264 doctis
682 2208 844 2288 reprehendi
856 2214 884 2262 et
894 2208 1032 2276 vulgarem
1042 2207 1143 2275 opinio-

147 2291 207 2329 nem
226 2275 347 2330 adiuvari
364 2276 487 2344 vidimus,
505 2277 634 2345 singulari
651 2276 777 2335 studtoa
789 2276 979 2344 Wiedeburgio
993 2277 1142 2330 Humanist.

147 2344 254 2410 Magea.
272 2344 302 2396 T.
320 2344 341 2396 I.
359 2359 385 2410 p.
406 2348 460 2397 143.
469 2358 525 2411 sqq.
550 2350 577 2398 et
600 2345 724 2399 Harlesio
747 2344 816 2398 Bibl.
841 2344 886 2404 Gr,
905 2343 1009 2398 Fabric.
1028 2344 1059 2396 T.
1077 2344 1097 2396 Ι.
1116 2359 1142 2410 p.

147 2416 205 2465 353.
223 2411 342 2476 Quorum
359 2410 457 2465 iudicio
474 2427 528 2465 non
545 2411 720 2478 praetulerim
738 2427 831 2466 eorum
848 2410 994 2480 levitatem,
1012 2412 1058 2480 qui
1070 2411 1143 2479 inge·

146 2479 214 2532 niosi
225 2479 306 2546 Angli
325 2479 492 2546 sententiam,
510 2493 567 2546 seu,
584 2485 615 2532 ut
632 2480 690 2547 ipse
704 2478 776 2547 dicit,
795 2479 975 2535 coniecturam
987 2479 1144 2547 simpliciter

145 2546 322 2614 repetierunt,
340 2545 384 2600 vel
401 2546 429 2598 in
448 2561 507 2600 eam
525 2546 609 2600 ablati
626 2552 690 2601 sunt
709 2549 827 2616 propriis
845 2548 993 2616 erroribus,
1016 2555 1143 2616 tanquam

145 2620 239 2668 auctor
256 2614 351 2668 libelli:
392 2614 552 2681 conjecturat
578 2616 755 2669 observatione
782 2635 814 2669 oa
832 2617 871 2668 ide
892 2617 981 2685 Oripia
999 2618 1054 2668 aad
1073 2617 1155 2671 Pro·¹

143 2700 213 2748 prena
230 2687 257 2744 ot
274 2683 417 2749 alphabeto
434 2682 537 2750 waiting
555 2699 581 2751 p.
600 2687 641 2738 99.
661 2681 825 2752 Quanquam
842 2682 886 2737 hic
904 2690 990 2737 artem
1009 2683 1142 2738 scribendi

145 2755 249 2803 tantum
266 2750 377 2804 heroum
389 2749 592 2805 Homericorum
605 2751 722 2818 saeculo,
742 2768 796 2806 non
808 2752 925 2806 Homero
938 2757 1061 2819 ereptum
1073 2751 1142 2817 ibat3

145 2817 189 2871 ille
208 2833 268 2871 eam
285 2818 393 2872 tandem
411 2817 473 2872 circ.
491 2823 551 2874 554.
563 2836 580 2873 a
592 2819 654 2874 chr.
674 2819 853 2887 vulgatiorem
871 2819 970 2872 factam
988 2834 1046 2872 esse
1063 2825 1140 2886 puta·

144 2887 199 2939 bat.
218 2886 303 2940 Docte
321 2892 411 2940 autem
429 2892 511 2954 atque
529 2887 670 2955 eleganter
687 2887 796 2950 Woodii
815 2893 973 2956 argumenta
989 2886 1142 2954 percensuit

146 2968 177 3006 ao
195 2969 263 3007 novo
274 2954 394 3008 acumine
407 2954 528 3009 defendit
539 2955 716 3023 philosophus
727 2955 869 3024 litterator,
886 2956 1032 3020 Meriones,
1044 2955 1073 3008 in
1082 2954 1141 3008 Dis—

145 3021 290 3074 sertatione
300 3021 408 3076 Gallicis
426 3022 533 3090 scriptis
545 3022 708 3077 Academiae
721 3024 901 3079 Berolinensis
913 3023 1059 3090 praeterito
1072 3039 1141 3077 anno

148 3090 304 3159 [1788-89]
315 3090 424 3156 inserta,
436 3105 506 3158 quae
518 3091 591 3158 mihi,
602 3091 673 3146 hanc
684 3092 822 3160 plagulam
831 3092 865 3146 ad
874 3093 1072 3162 typographum
1081 3090 1142 3143 mis-

145 3172 216 3224 suro,
226 3157 363 3211 commode
375 3157 408 3210 ab
419 3159 503 3212 amico
513 3158 632 3214 offertur.
651 3159 693 3213 Ea
704 3160 802 3228 raptim
811 3160 882 3218 lecta
889 3165 1089 3229 peropportune
1099 3173 1141 3210 me

145 3224 259 3292 impulit,
278 3231 308 3278 ut
320 3225 438 3279 rationes
450 3241 523 3280 meas
532 3226 618 3295 magis
630 3226 826 3297 adstringerem
838 3235 865 3282 et
877 3230 905 3282 in
917 3229 997 3283 breve
1009 3242 1141 3296 cogerem,

145 3293 276 3360 pluraque
294 3293 402 3360 penitus
420 3293 549 3362 delerem,
565 3310 647 3363 quae
665 3297 693 3348 in
711 3296 823 3351 eandem
846 3297 1006 3351 sententiam
1024 3295 1141 3362 disputa·

145 3375 243 3414 veram.
279 3361 400 3416 Eruditis
426 3363 497 3416 enim
514 3363 583 3416 haec
601 3363 768 3428 scribuntur,
795 3365 842 3433 qui
860 3372 887 3419 et
905 3365 979 3418 illum
996 3366 1095 3433 legent,
1114 3369 1142 3418 et

146 3427 302 3549 apudlquos
321 3429 431 3498 singulis
448 3432 589 3484 momentis
607 3431 799 3500 amplificandis
816 3434 992 3489 nonmultum
1002 3430 1142 3502 proficitur

145 3513 173 3550 m
189 3497 238 3550 tai
256 3512 294 3550 re.
