2482 3960
586 307 766 361 -146-

188 454 291 513 deinde
304 455 409 512 mansit
422 454 502 529 apud
516 454 733 528 Grammaticos,
749 454 902 527 exquibus
916 455 948 514 in
963 455 1099 518 Scholiis
1113 474 1190 532 saepe

186 547 339 590 consensus
353 532 515 605 scripturae
530 532 678 602 utriusque
691 530 864 605 notatur²⁰)‚
878 532 950 591 alibi
966 535 1044 605 quid
1054 536 1151 595 altera
1160 535 1189 594 ab

136 617 172 658 2³⁸
188 608 281 666 altera
301 606 466 680 differatil),
487 608 581 666 rarius
601 608 652 680 ita,
673 613 706 666 ut
725 605 900 685 προέκδοοις
919 605 1141 669 statuendove
1156 612 1190 671 di

188 681 404 755 stmguaturffl).
443 685 545 756 Neque
565 700 633 744 vero
653 700 707 757 per
725 701 759 743 se
780 685 973 758 improbabile
996 693 1057 760 est,
1080 687 1189 748 eandem

185 776 246 819 rem
265 757 367 819 fecisse
387 760 596 833 Aristarchum,
616 776 702 833 quam
722 759 794 820 fecit
812 761 989 835 Apollonius
1011 764 1189 824 Rhodiusel

183 838 233 896 alii
251 842 354 911 postea
371 854 429 896 non
447 838 541 911 pauci,
562 837 676 909 scriptis
696 838 756 896 suis
775 838 880 896 iterum
899 839 1048 898 limandis
1071 847 1105 900 et
1117 843 1187 901 casti

186 912 345 986 gatioribus
367 914 495 973 edendis.
537 914 728 986 Quanquam,
754 930 841 985 quum
861 916 999 987 praecise
1020 917 1057 975 id
1078 933 1189 991 negasse

186 989 319 1048 videatur
331 990 507 1063 Ammonius,
530 991 624 1062 gravis
639 997 749 1063 auctor,
772 989 835 1048 fieri
849 992 937 1049 etiam
947 992 1026 1050 illud
1038 997 1150 1067 potuit,
1165 1000 1189 1052 ut

186 1068 232 1125 vel
246 1083 281 1125 ex
294 1066 503 1126 adnotamentis
519 1067 700 1139 exemplaris,
715 1067 871 1126 heredibus
885 1068 994 1142 relicti,
1008 1072 1064 1128 vel
1076 1089 1115 1130 ex
1123 1071 1188 1130 libris

187 1143 469 1216 Commentariorum,
485 1144 531 1202 vel
545 1160 580 1202 ex
593 1144 710 1215 scholis,
724 1144 753 1200 in
767 1144 870 1216 quibus
885 1147 1058 1205 sententias
1074 1165 1145 1208 suas
1156 1163 1189 1206 se·

186 1220 285 1278 cundis
297 1221 371 1277 curis
384 1221 560 1292 retractarit,
577 1220 797 1279 concinnaretur
809 1221 938 1279 recensio
951 1237 1036 1282 nova
1048 1229 1084 1282 et
1096 1225 1191 1298 passin

186 1296 301 1354 diversa
319 1313 337 1353 a
356 1297 467 1369 priore,
496 1313 580 1368 quam
605 1298 670 1369 ipse
690 1296 897 1369 publicaverat.
936 1296 1006 1356 Hae
1030 1301 1191 1373 probabiles

186 1373 368 1431 coniecturae
389 1378 455 1430 sunt
476 1372 635 1432 doctissimi
648 1371 865 1445 Villoisouiili),
886 1372 991 1444 quibus
1004 1375 1191 1437 libenterao·

187 1449 311 1520 quiesco.
350 1449 412 1507 Nec
432 1465 541 1521 operae
561 1451 688 1522 pretium
701 1456 771 1524 puto
786 1450 908 1508 haerere
921 1451 953 1508 in
968 1467 1015 1524 eo,
1041 1455 1126 1526 quod
1137 1454 1192 1513 Am

185 1526 296 1584 monins
309 1525 365 1583 iste
375 1526 420 1583 vel
429 1525 613 1598 Posidonius,
629 1524 778 1585 familiaris
793 1533 822 1585 et
832 1533 1011 1599 anagnostes
1023 1528 1193 1602 Aristarchi,

186 1603 232 1660 vel
256 1602 438 1660 Ptolemaeus
465 1603 633 1661 Ascalonita
660 1604 706 1661 vel
732 1603 872 1676 Didymus
897 1605 1000 1677 paucis
1024 1608 1133 1668 verbis
1150 1622 1193 1667 noe

187 1678 334 1747 docerent,
354 1679 379 1736 si
400 1685 557 1752 exstarent,
577 1678 659 1738 nobis
683 1686 789 1752 autem,
810 1686 843 1738 ut
863 1679 969 1738 similia
987 1684 1109 1758 multa,
1129 1684 1193 1757 cogi

186 1755 275 1814 tando
297 1760 326 1812 et
346 1755 500 1814 divinando
521 1755 558 1814 ad
578 1755 722 1827 liquidum
741 1756 901 1829 perducere
919 1772 978 1815 non
996 1758 1089 1819 licet

263 1831 413 1903 Pergimus
434 1832 473 1889 ad
494 1831 721 1904 descriptionem
734 1833 908 1892 recensionis
921 1832 1156 1910 Aristarcheae,
1172 1837 1195 1894 11

138 1936 175 1977 2³9
189 1913 325 1979 quantum
347 1908 400 1966 illa
421 1923 456 1965 ex
478 1914 537 1966 tam
557 1909 657 1981 paucis
678 1908 803 1981 indiciis,
824 1908 954 1968 adhibita
974 1913 1195 1973 coniecturae

190 1983 282 2043 animo
301 1984 331 2040 in
351 1984 409 2043 ista
428 1990 564 2057 tempora
584 2001 733 2057 converso,
755 2001 773 2043 a
792 1985 873 2044 nobis
891 1984 954 2043 fieri
974 1991 1107 2058 poterit.
1139 1986 1196 2049 nui

190 2061 273 2133 euim,
294 2068 327 2118 ut
346 2061 413 2134 dixi,
434 2062 546 2119 nullum
566 2066 694 2119 veterum
713 2061 882 2120 criticorum
900 2063 1006 2122 melius
1030 2064 1196 2139 cognoveri·

188 2154 251 2194 mus
260 2136 437 2209 Aristarcho,
463 2145 572 2210 tamen,
586 2139 611 2196 si
626 2155 682 2196 non
696 2139 808 2209 aliquot
820 2138 976 2210 particulas
990 2141 1053 2199 sed
1067 2145 1196 2201 universa

188 2230 310 2286 corpora
321 2219 447 2287 spectes,
477 2220 537 2272 tam
557 2231 659 2287 parum
680 2215 772 2272 etiam
793 2215 822 2270 in
840 2215 894 2273 hoo
912 2215 992 2287 pleni
1015 2225 1092 2276 suut
1111 2217 1197 2279 fontes

189 2290 287 2363 nostri,
305 2297 337 2347 ut
347 2308 383 2349 ne
395 2291 602 2349 brevissimam
613 2290 732 2362 quidem
747 2290 931 2365 rhapsodiam
942 2291 1060 2353 Iliados
1075 2296 1117 2354 ad
1129 2310 1197 2354 meu·

189 2371 249 2424 tem
269 2367 329 2424 eius
349 2368 564 2426 reconcinnare
584 2374 614 2425 et
632 2368 788 2426 restituere
803 2384 837 2426 ex
850 2367 906 2425 illis
919 2367 1018 2426 liceat.
1053 2371 1197 2432 Habemus

257 2569 292 2639 20)
310 2569 406 2623 Verbis
424 2570 451 2620 ai
472 2569 661 2641 Ἀριστάρχου,
681 2570 710 2622 αἱ
724 2570 935 2641 Ἀριστάρχειοι,
952 2575 1025 2626 uta.
1039 2579 1085 2631 91.
1104 2578 1136 2643 β.
1147 2580 1197 2633 221.

189 2655 214 2705 χ.
231 2641 290 2692 292.
318 2655 341 2691 ε.
360 2642 418 2692 808.
447 2639 469 2696 ζ.
487 2643 546 2694 288.
570 2657 586 2692 ι.
605 2640 664 2693 576.
691 2657 719 2701 μ.
746 2642 805 2692 404.
832 2658 859 2707 ρ.
878 2642 949 2705 681,
977 2639 1114 2706 pluribus
1132 2646 1197 2711 loeis,

192 2721 258 2773 quos
274 2721 337 2760 mox
354 2706 389 2760 ad
406 2705 474 2761 ahos
492 2721 555 2760 usus
572 2705 694 2760 laudabo.

258 2789 294 2856 11)
310 2791 353 2845 Ibi
370 2798 412 2847 est
429 2793 457 2844 ἐν
476 2796 509 2865 τῇ
528 2794 612 2861 ἑτέρᾳ
630 2796 685 2844 τῶν
709 2791 903 2912 Ἀριστάρχου,
921 2789 986 2844 ahbi
1005 2794 1104 2866 διχῶς,
1123 2797 1199 2854 semel

191 2858 341 2926 iterumque
359 2861 515 2930 διήλλαττον
536 2861 564 2912 οἱ
582 2859 768 2930 Ἀριστάρχου.
800 2857 835 2911 Vr
854 2874 869 2911 e
890 2858 924 2912 ad
942 2863 971 2923 β.
982 2862 1045 2917 131.
1056 2864 1152 2921 Gatal.
1163 2871 1198 2923 14.

191 2931 232 2981 66.
255 2932 351 2995 11416.
376 2931 476 2983 11282.
504 2933 562 2984 527.
591 2932 689 2982 1132.
712 2932 767 2981 181.
796 2928 818 2985 ζ.
841 2928 973 2981 113174.
1001 2929 1032 2984 e.
1053 2936 1119 2989 213.
1144 2940 1197 2990 405.

194 3013 210 3046 ι.
228 2998 285 3049 663.
304 2998 362 3050 677.
390 3017 413 3052 κ.
434 3003 491 3052 loe.
522 2999 545 3050 l.
564 3000 622 3050 631.
649 3000 744 3050 aare.
764 2997 823 3048 627.
854 2993 879 3052 ξ.
891 2998 933 3048 36.
952 2996 993 3049 67.
1013 3001 1079 3054 427.
1108 3007 1197 3059 oste

193 3067 291 3117 medo.
315 3083 340 3117 σ,
353 3066 412 3120 sta.
435 3068 464 3130 ψ.
484 3067 612 3120 271111.
647 3063 750 3119 Eodem
775 3063 793 3114 i.
809 3076 831 3114 e.
856 3061 891 3116 ad
914 3062 1031 3118 alteram
1050 3067 1198 3127 editionem

192 3129 329 3186 Villcison.
347 3133 431 3186 refert
448 3133 496 3192 τὰς
521 3133 707 3201 ἐξητασμένος
725 3130 910 3210 Ἀριστάρχου
924 3149 952 3210 fl·
972 3134 1033 3186 130.
1071 3137 1198 3194 Ceterum

193 3199 264 3253 lama
285 3200 352 3253 haec
376 3199 408 3253 de
432 3200 532 3268 duplici
555 3199 677 3268 exemplo
695 3198 847 3253 Aristarchi
869 3198 945 3252 nob1s
967 3213 1024 3254 sam
1050 3205 1123 3261 olim
1142 3216 1199 3262 nors

194 3274 252 3320 erat
273 3284 307 3322 ex
330 3268 433 3323 duobus
458 3267 555 3322 Scholl.
574 3267 609 3320 ad
628 3287 644 3320 ι.
662 3272 721 3322 310.
745 3271 773 3320 et
790 3270 848 3321 653.
867 3272 895 3320 11
913 3282 946 3320 ex
964 3265 1106 3336 Lipsicis:
1132 3273 1199 3345 apud

193 3333 366 3390 Eustathium
384 3353 443 3391 eam
461 3353 515 3390 uon
531 3337 638 3389 memini
655 3353 697 3390 me
715 3336 812 3403 legere.
1190 3360 1193 3367 ·

260 3421 296 3489 21)
314 3422 351 3476 111
368 3422 402 3476 ad
422 3441 448 3474 π.
467 3426 525 3476 613.
544 3439 568 3474 τ.
585 3425 644 3476 386.

263 3506 299 3574 ²²>
315 3508 439 3574 Prolegg.
458 3506 493 3560 ad
510 3504 543 3559 Il.
559 3520 586 3575 p.
604 3504 726 3591 XXVII.¹
