2482 3960
557 243 734 298 —104-

147 393 235 451 liceat
259 391 296 450 de
316 390 479 450 conditione
504 406 604 449 earum
623 391 835 463 recessionum,
862 406 936 462 quae
956 390 1015 451 hoc
1035 391 1148 452 saeculo

97 474 134 512 1³⁰
147 467 280 528 feruntur
303 466 399 527 factae
427 482 499 525 esse.
540 466 623 525 Nunc
649 468 724 526 enim
750 484 848 540 nemo,
873 471 961 541 puto,
984 468 1148 543 mirabitur,

148 544 275 604 Graecos
295 545 352 603 iam
372 550 442 616 tum,
463 560 550 616 quum
570 545 765 617 prosperrima
779 550 857 603 sorte
870 544 1149 617 suaingeniosiores

146 626 243 680 essent
255 637 341 692 quam
354 619 507 692 doctiores,
527 625 558 678 et
570 620 606 678 ab
619 620 670 680 illa
683 617 868 698 πολυμαθείᾳ,
882 620 928 678 cui
941 637 1031 694 reges
1045 620 1148 681 deiude
1175 633 1179 640 ·

147 699 236 758 otium
246 697 452 771 praebuerrmt,
473 697 650 768 alienissimi,
664 698 792 756 animum
805 697 958 770 paullatim
970 696 1147 771 applicuisse

146 774 185 833 ad
205 791 269 833 eam
289 780 390 846 artem,
411 789 485 846 quae
504 778 567 832 tota
587 774 711 833 collecta
731 780 776 833 est
795 789 831 832 ex
850 773 1004 847 multiplici
1016 773 1148 834 doctrina

146 851 309 910 litterarum
339 857 369 909 et
400 850 591 923 antiquitatis.
641 850 758 908 Etenim
788 866 863 922 quae
891 866 998 910 causae
1024 852 1148 911 maxime

146 926 343 1001 perduxerunt
367 933 480 986 veteres
505 926 543 984 ad
569 927 700 985 criticam
724 932 831 999 artem,
861 927 919 986 iam
943 931 1007 985 tum
1028 928 1147 989 eaedem

147 1005 319 1083 exstiterant
338 1021 445 1064 omnes.
484 1004 518 1062 In
539 1003 642 1075 quibus
662 1004 755 1075 primo
774 1005 837 1063 loco
857 1004 1005 1076 posuerim
1032 1004 1147 1065 modum

146 1081 227 1140 11111
247 1080 507 1149 conservandorum
527 1080 594 1140 olim
617 1079 782 1138 (11111111
801 1096 856 1154 ope
877 1080 960 1138 unius
978 1082 1146 1155 memoriae,

146 1158 275 1231 proximo
297 1173 411 1216 errores
437 1163 466 1215 et
485 1155 604 1215 fraudes
625 1157 655 1213 in
675 1156 832 1229 prodendis
852 1155 1019 1216 auctoribus
1039 1173 1147 1231 eorum,

146 1234 235 1292 tertio
254 1234 349 1292 varios
369 1232 578 1304 facillimosque
600 1234 699 1306 lapsus
719 1233 833 1291 rudium
851 1249 987 1305 manuum
1003 1234 1036 1292 11
1048 1235 1147 1308 primis

148 1308 359 1382 exemplaribus
379 1308 525 1383 parandis.
566 1309 625 1367 Sed
647 1309 703 1369 etsi
722 1310 796 1369 haec
808 1315 956 1384 postrema
968 1326 1061 1369 causa
1075 1312 1147 1370 eius-

146 1385 225 1446 modi
245 1390 299 1458 est,
319 1390 352 1443 ut
370 1391 437 1459 post
450 1386 561 1457 aliquot
581 1387 699 1445 saecula
718 1387 801 1449 istius
821 1387 893 1446 artis
907 1385 1087 1446 desiderium
1099 1404 1147 1447 11

145 1462 272 1522 cessario
291 1460 395 1521 fuisset
420 1463 559 1535 allatura,
587 1469 683 1522 tamen
714 1464 763 1536 qui
783 1463 910 1522 Graecos
935 1462 1030 1534 norit,
1061 1461 1147 1524 facile

145 1539 298 1611 intelliget,
318 1539 355 1598 ad
375 1545 434 1598 tam
453 1539 607 1598 minutulas
628 1556 711 1598 curas
731 1540 879 1612 ingenium
899 1555 999 1599 eorum
1018 1556 1076 1600 nec
1089 1546 1147 1601 tam

145 1621 258 1674 mature
277 1631 331 1673 nec
350 1621 432 1676 tanto
459 1616 554 1675 studio
574 1617 704 1690 potuisse
725 1614 917 1688 descendere,
942 1617 967 1674 si
986 1617 1051 1677 sola
1071 1616 1148 1677 1111

147 1693 308 1766 scripturae
339 1693 500 1751 communia
528 1693 634 1751 menda
660 1693 749 1752 libros
776 1693 980 1766 corrupissent
1025 1692 1148 1755 Maneat

145 1769 244 1841 igitur,
264 1768 438 1840 singularem
458 1766 601 1829 fortunam
622 1769 841 1828 Homericorum
862 1774 892 1828 et
910 1785 1072 1843 supparum
1090 1786 1148 1831 mo

144 1849 344 1904 numentorum
364 1845 510 1904 extudisse
530 1844 738 1917 quodammodo
758 1845 933 1919 philologam
952 1846 1085 1918 criticen,
1105 1846 1147 1907 id·

146 1937 201 1994 qne
223 1921 310 1979 etiarn
330 1926 425 1994 antea,
444 1937 529 1994 quam
548 1937 652 1980 nomen
673 1921 772 1980 Gritici
791 1928 843 1981 aut
856 1921 1046 1982 Grammatici
1058 1925 1147 1999 vulgo

145 1997 276 2057 auditum
297 1997 427 2070 essetif).

213 2224 249 2293 3⁶)
267 2223 326 2277 Hac
344 2222 379 2276 ll.
403 2226 492 2275 aetate
516 2219 676 2274 vocabulum
704 2223 892 2289 γραμματικοῦ
909 2235 963 2274 111
978 2223 1149 2287 professionis

146 2297 221 2359 erat,
245 2289 292 2344 sed
320 2290 448 2342 scientiae.
484 2287 642 2356 Priusquam
669 2287 743 2342 enim
766 2287 962 2356 magnitudines
979 2288 1097 2358 artium,
1120 2295 1149 2345 ut

146 2360 240 2414 Cicero
258 2359 304 2426 ait,
323 2356 434 2411 diminui
452 2361 598 2423 coeperant
615 2357 735 2424 partium
753 2355 949 2424 distributione,
966 2355 1156 2425 ἀγράμματος·

147 2426 287 2481 dicebatur
303 2425 334 2493 is,
352 2425 398 2492 qui
416 2423 551 2478 scribendi
569 2429 597 2476 et
614 2423 721 2492 legendi
739 2423 867 2478 facultate
885 2422 1003 2491 carebat,
1023 2425 1072 2492 qui
1090 2441 1149 2481 eam

146 2493 269 2557 tenebat,
291 2492 489 2561 γραμματικός,
510 2506 554 2544 ars
572 2490 631 2558 ipsa
648 2491 836 2571 γραμματική,
860 2506 930 2559 quae
955 2492 1069 2559 proprie
1090 2498 1149 2548 erat

146 2580 164 2630 γ
185 2565 355 2625 αμματιστοῦ
379 2576 399 2615 1.
426 2560 743 2629 γμαμματοδιὸασκάλου.
785 2560 837 2613 H1e
866 2575 930 2614 usus
959 2564 1001 2613 est
1026 2560 1150 2616 Platonis

147 2581 261 2696 qsshileb.
301 2674 304 2678 a
325 2633 364 2683 18.
382 2628 444 2695 D.),
468 2628 655 2696 Xenophontis
678 2629 727 2694 (Μ.
747 2627 772 2682 S.
790 2627 836 2695 IV,
854 2631 880 2696 2,
897 2630 963 2695 21),
990 2628 1150 2683 Aristotelis

147 2698 225 2764 (Top.
283 2736 290 2764 ,
307 2701 332 2750 5.
349 2714 376 2765 p.
395 2698 453 2751 247.
472 2695 522 2762 B.).
558 2698 649 2764 Atque
672 2696 719 2749 illa
743 2695 850 2764 quidem
866 2700 961 2763 postea
978 2711 995 2749 a
1012 2696 1149 2751 nonnullis

147 2765 318 2833 ἀτελεστέμα
335 2767 512 2836 γραμματικὴ
534 2763 606 2818 dicta
625 2771 675 2827 est,
696 2763 803 2832 quando
819 2763 928 2817 latiores
945 2761 1014 2816 fines
1032 2779 1150 2834 occupa·

146 2840 223 2887 verat
241 2832 421 2888 Grammatica
438 2832 541 2893 τέλειος
558 2848 578 2886 1.
601 2833 712 2903 ἐντελής
729 2832 773 2900 (ci.
786 2830 897 2885 Sextum
909 2830 1013 2899 Empir.
1025 2847 1048 2886 c.
1060 2832 1149 2887 Matb

147 2902 168 2954 1.
187 2902 211 2970 §.
229 2907 271 2955 44.
290 2904 352 2969 71),
371 2903 414 2956 cui
432 2901 467 2956 ad
485 2901 622 2955 Cratetem
640 2915 724 2968 usque
742 2898 840 2953 Critiae
858 2904 986 2966 tanquam
1002 2914 1069 2967 pars
1088 2900 1149 2956 sub

120 3007 124 3015 .
146 2970 217 3023 iecta
235 2975 301 3023 erat.
336 2969 389 3024 Sed
405 2970 485 3023 huius
503 2968 558 3022 sive
572 2968 657 3036 partis
675 2968 730 3021 sive
749 2967 875 3034 propriae
893 2965 1032 3021 doctrinae
1049 2984 1150 3024 nomen

146 3053 199 3091 non
216 3037 316 3105 legitur
333 3044 395 3091 ante
414 3052 509 3091 aevum
526 3035 747 3104 Alexandrinum,
766 3034 818 3088 nisi
835 3036 864 3087 in
882 3033 995 3103 dialogis
1004 3036 1150 3091 Aeschinis

146 3111 175 3158 et
197 3105 319 3173 Cebetis,
346 3120 413 3173 quos
437 3105 542 3173 spurios
572 3119 644 3172 esse,
669 3119 757 3172 nuper
777 3102 898 3156 Meiners
920 3103 1022 3171 optime
1047 3104 1149 3160 docuit.

147 3173 240 3227 Remi
260 3173 322 3241 itur,
344 3190 398 3228 non
414 3189 511 3226 nomen
530 3178 557 3226 et
575 3172 768 3240 professionem
787 3171 919 3238 spectarit
937 3171 990 3226 Dio
1008 3171 1150 3242 Chrysost.

147 3241 192 3295 Or.
210 3242 233 3295 L
263 3243 284 3295 1.
303 3241 393 3296 dicens
411 3241 444 3296 ab
462 3241 608 3295 Aristotele
631 3243 679 3310 τὴν
706 3239 823 3309 κριτικήν
843 3258 875 3292 τε
893 3240 937 3292 καὶ
953 3243 1148 3312 γραμματικὴν

147 3309 165 3360 ἀ
182 3312 235 3380 χὴν
253 3309 363 3375 tasso:
387 3309 437 3363 etsi
459 3324 493 3363 ne
516 3309 568 3362 hoc
590 3306 698 3375 quidem
722 3310 749 3360 in
767 3308 871 3362 iactura
887 3314 929 3363 tot
948 3308 1150 3364 exotericorum

147 3328 275 3431 librorum
292 3377 444 3433 Aristotelis
461 3393 478 3431 a
495 3375 571 3430 nobis
589 3375 653 3429 satis
670 3375 770 3430 firmari
787 3381 899 3455 potest·
913 3377 955 3429 Ac
965 3374 1054 3430 minua
1065 3377 1150 3432 etiam

148 3446 249 3500 clarum
268 3452 322 3515 est,
345 3444 417 3514 quod
441 3444 475 3499 de
497 3443 662 3511 Apollodoro
689 3444 808 3498 Cumano
831 3443 946 3498 traditur
969 3459 985 3497 1
1007 3443 1150 3500 Clemente
