2482 3960
558 309 735 362 ..36-

149 457 242 515 tinere
267 460 395 529 possunt.
435 455 560 514 Istorum
584 454 675 525 igItur
698 454 851 514 verborum
877 471 991 513 sensum
1017 457 1149 528 pressius

148 533 291 604 sequenti,
312 538 496 602 veteremque
515 546 624 590 morem
643 530 862 603 rhapsodorum,
883 547 968 602 quern
987 548 1080 605 supra
1099 533 1149 592 da-

148 607 267 681 scripsi,
292 608 471 681 comparanti
447 607 613 666 trvidetur
630 606 700 664 mihi
721 606 808 666 Solon
826 607 884 667 hoc
902 608 984 666 instit
972 609 1082 682 t,uisse
1107 612 1178 682 ut,'

148 700 234 755 quum
260 685 340 756 prius
365 685 528 756 singulares
552 683 727 755 rhapsodias
752 685 814 742 sine
839 684 898 743 ullo
928 684 1031 743 ordine
1050 703 1149 745 renum

148 765 359 834 ettemporum
379 765 560 832 canerentur,
579 759 671 818 idest
689 760 749 818 ut'
740 777 771 818 un
790 777 848 819 uno
868 767 1012 820 conventu
1024 763 1148 834 primum

146 835 259 910 Ulyssis
273 834 404 969 Νίπτρα(
393 836 560 909 (Odyss.)
527 804 560 906 T
570 842 622 894 aut
634 832 749 914 Mra
739 835 895 934 οφονία(
885 834 946 909 (Χ),
960 853 1028 896 mox
1042 835 1149 895 Νεκιίι

147 909 285 970 ιΝεκυο
283 912 404 990 peratore
437 911 567 984 A),tnm
586 909 624 968 τὰ
643 907 675 970 ἐν
693 870 749 975 ild
754 933 779 989 ῳ
799 914 843 971 vel
858 932 895 970 τα
881 882 946 971 ἐν
952 911 1149 1004 Λακεδαιμονι

61 1011 63 1013 >
146 986 239 1082 (ΓΔ),
264 933 334 1048 item
354 1006 391 1048 ue
417 1005 453 1047 ex
465 918 560 1048 I’liaco
579 988 650 1048 orbe
669 985 750 1063 Ἀγὼν
759 969 919 1084 ἐπιτάφιος
939 985 1016 1060 (Ψ),
1041 990 1148 1051 demde

146 1059 377 1136 θπλοποιΐα(,
396 1071 457 1124 tum
471 1063 562 1122 Λιταί
569 1063 624 1136 (Ι),
637 1070 782 1136 postremo
792 1063 902 1141 Λοιμός
916 1063 969 1137 (Α)
983 1073 1148 1140 caueretur,

146 1142 190 1200 ita
203 1148 307 1231 partes
327 1142 570 1200 distribuerentur
589 1141 719 1214 pluribus
738 1141 900 1214 rhapsodis,
927 1149 961 1200 ut
979 1143 1037 1201 alio
1059 1145 1147 1202 alium

148 1218 309 1291 excipiente
330 1218 466 1290 deinceps
486 1223 628 1290 perpetua
649 1223 678 1274 et
697 1218 846 1277 commoda
862 1215 972 1307 W,
974 1217 1147 1278 efficeretur.

94 1326 99 1333 -
146 1293 345 1352 Memorabilis
365 1292 495 1367 profecto
515 1294 661 1352 institutio
681 1295 868 1383 legislatoris,
895 1311 942 1366 qm
964 1294 1041 1354 idem
1061 1301 1149 1369 posta

147 1368 216 1442 ιιιι,
244 1369 305 1428 sine
332 1386 389 1459 qua
413 1367 537 1428 fortasse
561 1370 634 1427 haec
660 1371 755 1428 omnia
779 1387 836 1429 non
857 1370 1045 1444 disputarem.
1087 1373 1149 1433 Nec

147 1462 216 1504 vero
236 1446 343 1503 illum'
335 1463 366 1503 m
386 1462 422 1504 ea
441 1462 561 1517 usquam
580 1446 703 1517 legimus
723 1448 831 1520 scripto
845 1447 1002 1520 exemplari
1017 1448 1148 1507 adiutum

149 1538 230 1594 essc3
250 1522 326 1593 quod
347 1523 453 1581 situm
406 1521 578 1580 uminisset
597 1523 694 1592 ullum,
715 1539 772 1582 non
792 1539 862 1582 sane
876 1540 894 1581 a
908 1523 1013 1583 Solone
1033 1524 1148 1583 demum

147 1599 286 1671 rbapsodi
313 1598 474 1658 dedocendi
497 1597 628 1656 fuissent.
675 1598 810 1657 Ceterum
838 1600 912 1657 haec
931 1617 978 1658 res
1004 1600 1042 1660 ad
1062 1618 1150 1660 unam

147 1675 276 1733 Atticam
296 1674 451 1734 referenda
471 1682 524 1746 est,
544 1692 601 1734 non
621 1675 658 1733 ad
673 1674 825 1734 Graeciam
840 1677 1012 1734 universam.
1044 1678 1149 1749 Neque

151 1751 226 1808 enim
246 1752 306 1810 ullo
326 1751 411 1810 modo
432 1751 570 1809 credibile
592 1757 651 1823 est,
682 1751 816 1809 Solonem
836 1750 925 1809 fuisse
944 1753 1070 1825 primum
1090 1771 1149 1813 orn·

96 1842 135 1882 roa
148 1827 225 1884 nium
233 1828 311 1899 ,qui
330 1828 384 1885 tali
402 1833 449 1886 rat
436 1829 516 1886 tione
538 1829 654 1900 elegant
642 1828 709 1885 tiori
731 1827 913 1901 dispositioni
934 1836 964 1886 et
983 1830 1149 1888 collectioni

146 1901 364 1961 Homericorum
389 1920 508 1976 operum
533 1905 713 1963 occasionem
733 1903 825 1976 daret,
805 1911 940 1975 tneque
961 1921 997 1963 ea
1014 1906 1046 1963 in
1065 1906 1149 1965 Ionia

148 1979 268 2038 etalibi
287 1984 346 2037 tam
367 1980 523 2046 dissolute,
554 1986 586 2037 ιι
574 1981 747 2038 tnonnullis
767 1997 860 2053 nuper
879 1982 1005 2053 placuit,
1030 1988 1150 2054 tamque

147 2053 265 2114 confuse
293 2063 323 2114 et
349 2057 491 2130 permixte
511 2057 652 2114 cantitata
674 2072 751 2128 esse,
777 2064 810 2115 ut
830 2073 928 2116 corum
953 2059 1044 2117 omnis
1066 2065 1151 2119 tenor

147 2133 263 2205 penitus
285 2138 525 2222 corrumperetur.

223 2209 321 2281 Immo,
342 2211 367 2268 si
386 2208 564 2283 praesidium
583 2209 695 2268 nobis
686 2226 716 2266 ιι
730 2210 793 2267 sola
806 2211 974 2268 coniectura
987 2215 1077 2281 esset,
1097 2209 1150 2269 ubi

147 2285 219 2342 alias
233 2302 318 2356 quam
337 2286 367 2342 in
379 2290 476 2358 patria
488 2286 608 2343 Homeri
620 2286 743 2358 primum
761 2287 923 2343 institutum
937 2287 1015 2344 illius
1029 2286 1151 2359 elegan-

146 2361 230 2419 tioris
265 2361 461 2434 dispositionis
488 2363 711 2431 quaereremus?
741 2361 827 2420 Addo
854 2363 941 2420 etiam
966 2362 1150 2434 scriptionis:

148 2437 229 2493 ouius
256 2438 350 2510 prima
375 2438 534 2495 tentamina
559 2453 577 2494 a
597 2438 756 2495 cultissima
777 2443 863 2510 gente
883 2437 961 2496 facta
980 2437 1152 2496 viderentur

148 2512 199 2570 illo
221 2519 367 2585 tempore,
388 2529 444 2584 quo
470 2511 677 2572 confectionem
702 2515 875 2574 voluminum
900 2515 1064 2573 inchoatam
1085 2530 1151 2573 esse

150 2587 297 2646 docuimus
325 2587 350 2664 ᾗ.
371 2588 477 2660 XVII,
504 2589 531 2646 h.
554 2605 578 2646 e.
599 2589 706 2648 Pittaci
731 2592 776 2648 vel
796 2591 909 2649 Solonis
935 2597 1042 2649 aetate.
1083 2590 1152 2650 Etsi

151 2664 226 2720 enim
238 2665 427 2736 perantiquus
449 2670 478 2722 ιι
466 2666 700 2724 tceleberrimus
720 2684 782 2726 mos
803 2667 924 2725 canendi
943 2672 1066 2739 propter
1076 2684 1152 2726 sum

149 2755 224 2798 mam
244 2740 374 2798 iucundIt
362 2747 466 2807 tatem,
496 2748 525 2799 et
544 2743 613 2812 quia
632 2743 746 2876 plane
738 2760 767 2799 ιιι
787 2749 877 2800 artem
899 2743 1027 2815 abierat,
1054 2743 1150 2801 miuus

149 2809 371 2875 desiderabilem
391 2816 558 2875 ιιιιιιι
507 2835 544 2890 po
546 2819 603 2875 tuit
622 2820 712 2890 script
713 2820 815 2889 ionem,
836 2825 923 2890 atquc
937 2818 1012 2878 adeo
1024 2817 1152 2878 fortasse

147 2892 214 2950 huic
234 2895 350 2966 negotio
370 2911 465 2952 moras
486 2893 601 2962 obiecit,
580 2901 727 2966 t,tamen
747 2902 899 2966 postquam
928 2894 958 2952 id
978 2895 1069 2953 semel
1088 2902 1153 2953 ten-

148 2970 206 3026 tari
219 2976 365 3042 coeperat,
385 2971 433 3026 ιιι
446 2971 534 3027 ullum
549 2970 670 3028 Carmen
686 2972 814 3042 priorum
828 2980 988 3042 temporum
1002 2972 1153 3030 exstitisse

147 3050 242 3117 putes,
264 3046 341 3116 quod
363 3045 489 3104 Graecos
510 3062 602 3117 aeque
622 3048 787 3105 incitaverit
806 3047 845 3105 ad
864 3047 1114 3119 perscribendum.

555 3255 738 3332 XXXIII.

225 3425 308 3482 Nunc
327 3441 396 3483 vero
416 3419 488 3482 nihil
508 3442 581 3497 opus
603 3434 648 3485 est
668 3429 848 3486 coniecturas
869 3443 982 3500 capere.
1016 3428 1154 3490 Historia

149 3501 285 3570 loquitur.
319 3502 393 3560 Nam
407 3518 462 3560 vox
474 3502 563 3560 totius
577 3505 758 3575 antiquitatis
773 3511 811 3577 et,
832 3505 857 3563 si
871 3521 1010 3563 summam
1024 3513 1152 3580 spectes,
