2482 3960
466 252 473 263 ‘
545 243 722 295 -16-

135 383 231 443 Schol.
252 400 305 441 nec
323 383 493 442 Enstuthius
514 402 634 457 usquam
654 392 795 462 agnoscit,
815 398 848 450 nt
867 409 933 452 sero
953 392 1131 466 adscriptum

135 464 220 532 putes
241 476 277 517 ex
296 459 384 519 Scuto
404 460 494 519 Herc.
515 468 578 521 182.
604 463 733 524 Alterius
753 468 845 528 nihilo
863 471 954 529 maior
974 471 1131 530 auctoritas

136 542 181 594 est
206 536 243 594 ab
267 537 383 608 optimis
409 536 529 596 scholiis
558 545 589 596 et
615 540 771 600 codicibus.
811 546 866 604 Illa
885 547 960 605 enim
980 548 1132 605 maximum

135 613 394 703 interpunctionem
414 614 565 685 requirunt
583 616 660 674 inter
680 635 705 674 v.
728 622 791 676 167.
811 627 841 679 et
862 629 935 695 169„
955 625 1036 681 cuins
1050 618 1132 679 ἀσύν-

134 687 218 745 δετον
238 686 385 757 caesuin,
410 706 484 760 qnae
502 707 578 750 nunc
597 699 730 765 exempto
749 696 844 754 medio
865 715 951 756 versu
970 700 1072 759 rudem
1091 697 1133 758 of·

135 765 244 837 tendat,
269 767 294 822 si
314 772 427 823 veteres
449 766 548 824 Critici
569 767 670 827 duram
691 775 850 842 putassent,
874 772 960 832 facile
980 776 1022 833 ita
1042 777 1132 833 lenire

134 842 305 914 potuissent
331 837 400 918 εὗρε
421 840 446 898 δ’
467 835 573 898 ἔπειτα.
614 844 742 903 Tertium
762 846 819 904 iam
839 849 889 904 alii
909 859 1132 922 summoverunt,

135 933 220 989 quem
245 925 275 976 et
293 917 429 977 Eustath.
455 925 485 976 et
508 919 606 991 plures
626 920 694 979 boni
714 921 797 979 codd.
817 924 952 980 reiiciunt
973 941 1037 982 cum
1059 927 1130 985 edit.

135 995 265 1067 principe
291 1001 321 1052 et
345 995 484 1052 Romana
524 997 626 1068 Neque
652 1003 754 1068 quarto
781 999 876 1056 versui
896 997 966 1057 fides
987 1006 1032 1057 est
1052 1004 1131 1072 apud

135 1071 319 1151 Eustathimn
339 1077 369 1129 et
389 1071 461 1130 ulios
481 1072 578 1143 libros,
600 1074 649 1144 qui
669 1089 733 1131 enm
747 1075 970 1146 pertimhabent
984 1077 1125 1135 variatum
1153 1136 1155 1143 A

135 1150 164 1204 in
178 1148 315 1219 clausula,
329 1163 404 1217 quae
417 1148 528 1206 scilicet
540 1165 597 1207 nou
611 1149 695 1207 simul
708 1150 785 1208 trahi
798 1158 915 1223 poterat
929 1169 965 1209 ex
977 1153 1010 1210 Il.
1021 1171 1049 1208 a
1061 1160 1125 1210 562.

134 1224 195 1283 Hos
209 1224 298 1294 igitur
311 1230 341 1280 et
355 1222 465 1292 aliquot
484 1224 557 1281 alios
570 1241 678 1296 versus,
698 1227 754 1284 etsi
767 1228 882 1286 minime
896 1230 1019 1301 ineptos,
1045 1245 1128 1287 nemo

134 1298 263 1372 profecto
277 1316 334 1356 non
346 1299 479 1357 reiiculos
489 1305 581 1372 putet,
595 1301 621 1358 si
632 1318 680 1360 eos
691 1319 783 1374 nuper
793 1302 1131 1363 Rhodomannusiecerit

134 1383 186 1433 aut
204 1376 370 1446 Barnesius,
391 1384 469 1441 (num
489 1376 535 1434 hic
554 1377 698 1436 interdum
719 1380 828 1451 aliquid
848 1381 931 1440 offert
951 1377 1077 1452 οἴκοθεν,
1098 1388 1131 1439 ιιι

135 1453 203 1521 aitz)
229 1459 260 1510 ut
285 1469 303 1510 a
327 1451 449 1523 sepultis
474 1453 597 1525 ingeniis
622 1455 726 1513 abhinc
745 1457 829 1529 plura
848 1459 965 1516 saecula
985 1455 1130 1530 profectos

133 1545 191 1587 non
210 1529 309 1663 licgbit
327 1528 471 1586 reticere?
510 1529 632 1589 Discere
652 1533 752 1602 velim,
778 1550 834 1605 quo
854 1535 917 1593 iure
938 1534 1019 1592 nobis
1040 1534 1130 1591 ceteri

133 1607 246 1663 retinen
268 1607 278 1662 i
297 1607 363 1664 sint.

603 1768 670 1840 IX.

96 1945 121 1984 23
210 1919 298 1977 Aliud
312 1937 403 1993 genus
417 1928 463 1980 est
475 1924 656 1996 vulgaturum
668 1922 823 1981 lectionum
837 1924 926 1981 multo
938 1920 1129 1995 frequentius,

134 1997 210 2069 qnod
223 1996 361 2056 librorum
375 1999 490 2070 quidem
500 2005 531 2057 et
539 1998 737 2057 recensionum
747 2005 877 2058 veterum
887 2015 1006 2056 assensn
1016 2000 1132 2058 minime

135 2079 243 2145 careat,
261 2091 315 2133 nec
327 2081 425 2133 tamen
438 2076 484 2134 vel
496 2081 618 2148 propter
632 2091 713 2133 usum
727 2075 810 2133 huius
825 2080 937 2148 poetae,
952 2076 996 2131 vel
1010 2079 1131 2145 propter

133 2149 386 2211 conformationem
401 2156 432 2210 et
441 2157 569 2212 tenorem
581 2153 750 2224 sententiae,
763 2153 810 2210 vel
820 2152 906 2209 alium
916 2151 1003 2208 talem
1014 2165 1129 2206 cansam

133 2244 190 2285 non
207 2228 409 2299 expellendum
426 2234 456 2286 et
474 2228 512 2286 ad
532 2229 665 2287 meliores
679 2229 768 2287 libros
782 2226 974 2287 revocandum
987 2225 1129 2283 videatur.

133 2303 240 2360 Verum
258 2303 288 2359 in
301 2303 356 2361 hoc
370 2319 486 2375 genere,
506 2305 581 2362 sicut
595 2305 682 2362 etiam
696 2305 724 2361 in
738 2305 835 2376 priore
848 2304 908 2373 illo,
929 2302 1047 2360 dubium
1061 2299 1131 2359 fucit

133 2378 278 2437 interdum
296 2380 420 2451 penuria
437 2379 576 2438 bonorum
595 2377 724 2451 fontium,
744 2379 897 2450 quolectio
912 2395 1042 2450 quaeque
1055 2375 1103 2437 ref
1120 2409 1131 2420 -

136 2453 227 2513 rende
250 2453 297 2526 sit,
316 2460 412 2512 utrum
432 2454 470 2513 ad
482 2456 622 2513 incuriam
636 2455 787 2527 editorum,
808 2454 1050 2527 academicum,
1071 2457 1132 2526 qni·

133 2531 188 2590 bus
207 2531 250 2588 illi
270 2531 316 2588 usi
336 2536 411 2600 sunt,
432 2530 563 2604 adeoque
576 2532 704 2604 ipsorum
718 2537 846 2590 veterum
860 2533 1071 2591 auctoritatem.
1091 2529 1133 2590 Ut

134 2608 253 2679 vulgatu
272 2603 370 2687 Πιερίῃ
388 2605 419 2682 β.
441 2610 506 2669 766.
526 2608 603 2665 unde
623 2606 705 2667 nobis
725 2609 755 2665 in
783 2625 881 2667 omnes
902 2609 984 2667 editt.
1011 2607 1132 2677 venerit,

135 2685 251 2756 ignoro;
270 2699 364 2756 neque
384 2701 452 2744 vero
474 2702 510 2743 ex
528 2684 641 2757 Hymno
661 2685 692 2742 in
710 2685 802 2744 Mera.
818 2686 863 2745 lo.
875 2702 936 2757 sqq.
951 2690 1001 2743 aut
1015 2683 1132 2742 aliunde

135 2758 292 2819 defendere
311 2778 436 2835 possum.
470 2761 516 2820 Ibi
536 2762 611 2819 enim
630 2777 687 2821 non
703 2764 825 2834 pastorio
845 2765 879 2818 ab
899 2765 1059 2832 templique,
1080 2759 1132 2818 sed

136 2843 330 2896 armentorum
350 2838 407 2896 diis
427 2854 573 2897 sacrorum
592 2839 700 2897 mentio
720 2837 760 2897 fit.
791 2838 926 2909 Plerique
946 2844 1043 2897 autem
1062 2835 1130 2894 boni

137 2912 246 2986 coddl)
273 2931 338 2973 cum
363 2915 497 2974 Eustath.
523 2921 640 2974 servant
663 2932 768 2975 nomen
798 2930 891 2989 paene
918 2913 1079 2972 inauditum
1101 2912 1131 2970 in

137 2990 327 3064 geographia,
345 2991 398 3050 sed
410 2992 465 3050 hoc
478 2992 542 3064 ipso
556 2992 594 3050 ud
607 2993 820 3065 corruptionem
834 3008 963 3064 pronum,
987 2987 1091 3067 cppeq
1106 3006 1129 3046 s.

203 3185 228 3248 ³)
244 3183 373 3239 Nonnulli
391 3199 491 3251 eorum,
509 3189 540 3238 ut
556 3183 684 3252 Venetus,
702 3183 807 3237 initium
825 3189 853 3236 et
871 3181 948 3252 quusi
959 3196 1038 3237 omen
1050 3176 1133 3248 quod-

136 3253 198 3308 dum
216 3252 413 3322 depravationis
430 3251 539 3319 habent,
559 3250 672 3332 llqepae'p
687 3252 722 3332 ln
740 3250 853 3305 Scholiis
870 3250 937 3304 nihil
955 3257 996 3302 est
1013 3249 1085 3302 adh.
1099 3263 1133 3314 v.‚

137 3335 224 3390 neque
234 3321 270 3402 ‘in
286 3321 339 3375 illis
356 3321 495 3401 vulgatum
513 3318 626 3374 affertur
643 3335 695 3373 msr
713 3335 765 3373 uno
783 3319 843 3373 loco
861 3321 894 3399 ψ..
908 3322 967 3373 383.
991 3317 1044 3397 βοὰ
1062 3317 1132 3370 hunc

137 3395 326 3512 aflecmntntem
343 3403 569 3512 nonagrugrffi
582 3394 755 3512 ιιιιιιιιΙιίΙιιιιΙιὲιιι
765 3387 904 3455 Macrobn‚
921 3386 1060 3440 habuisset
1069 3382 1131 3437 Val-

136 3473 455 3527 cnunquemvru
570 3472 613 3511 o.
675 3495 741 3524 ‚.
