2482 3960
512 288 696 341 ...93-

82 506 85 511 ,
103 435 272 494 tenuissimo
291 434 417 506 vestigio
437 438 506 493 nota
525 431 624 502 fuerit,
644 440 674 493 et
686 450 722 492 ne
735 451 812 492 nunc
824 434 938 506 quidem
952 435 1028 494 ratio
1043 435 1105 492 eius

103 527 224 584 usquam
245 515 380 570 accurate
401 511 570 583 explicetur,
590 508 706 569 difficile
727 517 772 568 est
792 510 829 568 de
849 527 885 569 ea
905 510 1013 583 aliquid
1033 511 1106 568 certi

105 594 245 647 statuere.
285 586 423 646 Attamen
443 592 610 659 comparata
630 587 680 645 illa
700 587 806 645 indicia
825 586 977 646 manifesto
992 588 1104 658 docent,

104 661 319 728 διασκεοαστὰς
331 680 389 722 non
401 665 515 735 ignotos
530 662 669 734 quosdam
683 669 815 722 auctores
830 664 993 722 critiearum
1007 680 1105 721 recen-

104 741 218 801 sionum
237 739 385 798 habendos
407 755 480 811 esse,
501 739 537 796 de
557 739 660 811 quibus
681 740 740 797 alia
759 740 899 799 vocabula
919 741 948 798 in
961 757 1016 797 usu
1029 746 1104 811 sunt,

106 816 160 876 sed
181 822 332 875 exactores
352 832 405 873 seu
424 817 573 889 politores,
596 817 645 886 qui
658 817 703 873 vel
723 832 865 874 unacum
885 817 1040 876 Pisistrato
1060 817 1106 874 vel

103 894 204 966 paullo
224 897 290 965 post
310 891 403 950 eidem
423 893 505 965 operi
524 909 637 950 manum
659 891 891 963 admoverint14).

183 969 242 1028 Sed
262 969 375 1027 omnino
396 967 513 1027 dubium
534 985 598 1026 esse
618 968 752 1041 arbitror,
772 986 839 1026 num
859 971 915 1043 ipsi
928 975 1041 1027 veteres
1055 971 1103 1027 uni
1119 997 1159 1037 15³

103 1045 259 1104 Pisistrato
279 1044 434 1103 tribuerint
452 1046 600 1116 negotium
614 1044 696 1116 illud,
717 1061 762 1117 au,
783 1051 816 1102 ut
829 1045 1047 1119 saepeiaciunt,
1067 1047 1105 1103 ad

105 1138 171 1179 eum
191 1126 338 1180 auctorem
358 1121 527 1193 retulerint,
556 1122 632 1191 quod
658 1121 777 1179 hortatu
802 1122 863 1180 eius
884 1128 914 1180 et
933 1123 1106 1180 auctoritate

103 1197 214 1257 factum
234 1198 281 1256 sit.
308 1197 476 1270 Hipparcho
499 1197 623 1269 quidem,
643 1196 791 1254 Pisistrati
804 1197 862 1257 filio
877 1204 947 1272 natu
960 1198 1063 1256 minori
1077 1205 1107 1256 et

104 1276 136 1332 in
156 1275 206 1332 illa
226 1273 348 1332 Athenis
368 1274 558 1332 saluberrima
577 1273 729 1346 tyrannide
749 1290 812 1332 cum
833 1273 923 1333 fratre
937 1275 1106 1347 successori,

105 1351 278 1423 ascriptore
292 1349 401 1421 dialogi
414 1350 566 1422 Platonici,
580 1351 629 1422 qui
642 1367 745 1409 nomen
759 1351 836 1409 illius
846 1368 899 1424 pro
913 1353 998 1411 titulo
1008 1351 1105 1424 habet,

104 1433 164 1486 tam
179 1423 349 1498 magnificae
364 1433 464 1500 partes
484 1427 668 1498 assignantur
685 1427 715 1483 in
734 1427 907 1487 celebrando
917 1429 1053 1500 Homero,
1073 1435 1107 1485 ut

104 1509 222 1577 patrem
242 1504 271 1560 in
291 1503 391 1561 labore
412 1503 566 1575 colligendi
582 1508 611 1561 et
624 1502 796 1576 disponendi
809 1505 855 1562 vel
868 1505 898 1562 in
911 1506 1011 1576 primis
1025 1504 1106 1563 adiu-

105 1580 194 1652 visse,
215 1580 261 1637 rel
281 1580 431 1638 consilium
451 1586 604 1652 paternum
625 1585 776 1637 exsecutus
797 1596 870 1652 esse,
891 1588 978 1652 atque
998 1581 1028 1637 id
1041 1597 1106 1638 cum

104 1655 270 1716 amantibus
295 1656 458 1716 litterarum
482 1656 708 1715 communicasse
733 1656 826 1714 videri
846 1657 991 1729 possit15).
1030 1658 1106 1715 Nam

175 1855 210 1921 14)
232 1851 321 1920 Vulgo
345 1851 438 1918 ignota
456 1855 498 1903 est
515 1849 554 1902 vis
572 1848 643 1902 illius
660 1848 797 1912 vocabuli,
821 1847 854 1902 de
873 1863 927 1916 qua
944 1847 1106 1916 quaerimus,

104 1935 194 1988 neque
218 1919 302 1975 allata
324 1935 342 1972 a
367 1917 503 1985 Stephano
531 1923 559 1970 et
580 1917 681 1977 Scotto.
733 1918 771 1969 At
794 1917 941 1971 satis'eam
969 1915 1106 1969 declarant

105 1988 214 2043 Scholia
240 1987 275 2041 ad
298 2002 378 2040 unam
395 1985 584 2052 Aristophanis
602 1985 733 2050 fabulam,
763 1985 855 2038 Nubes
872 2001 897 2037 v.
915 1988 974 2038 552.
992 1989 1020 2037 et
1037 1988 1105 2050 591,

104 2063 163 2110 turn
181 2057 256 2109 locus
273 2055 302 2108 in
319 2052 459 2122 praeclaro
471 2054 646 2120 Argumento,
665 2051 737 2120 quod
755 2058 879 2119 quartum
898 2051 985 2103 estin
996 2051 1106 2104 Kusteri

105 2124 171 2178 edit.
206 2123 251 2176 Ex
262 2122 305 2176 his
322 2121 427 2176 collatis
444 2126 567 2189 apparet,
586 2121 770 2179 διασκευάζειν
789 2135 806 2172 a
824 2118 960 2172 veteribus
972 2119 1106 2185 magistris

104 2191 238 2246 adscitum
256 2205 313 2244 esse
331 2191 359 2242 in
377 2194 539 2257 potestatem
557 2189 632 2241 verbi
644 2188 882 2249 ἐπιδιασαεοοὶζειν,
900 2192 932 2239 ut
949 2186 977 2238 in
989 2185 1106 2239 Scenicis

104 2274 194 2328 prope
212 2259 283 2312 idem
301 2264 372 2311 esset
390 2257 462 2325 quod
479 2257 675 2323 ἀναδιδάσκειν,
693 2256 719 2308 h.
733 2269 756 2308 e.
774 2256 880 2320 repetito
898 2255 1047 2305 committere
1058 2259 1105 2321 fa-

105 2331 201 2392 bulum,
222 2326 267 2378 aed
284 2326 413 2393 mutando,
439 2327 566 2385 addendo,
586 2323 743 2375 detrahendo
760 2323 925 2381 emendatam,
953 2322 1064 2385 repletam
1083 2331 1106 2373 et

103 2394 227 2447 sacaada'a
249 2396 320 2445 caria
346 2395 505 2446 elaboratam.
548 2392 580 2445 Id
605 2393 674 2444 enim
698 2391 787 2444 facere
811 2389 933 2444 solebant
950 2389 989 2442 illi
1007 2395 1105 2456 poetae

105 2461 272 2529 saepissime,
286 2476 351 2514 mox
368 2460 449 2513 etiam
467 2459 521 2527 alii,
548 2466 579 2513 ut
596 2458 774 2528 Appollonius
791 2457 878 2513 Rhod
913 2456 1008 2526 Neque
1027 2457 1105 2510 aliter

105 2531 186 2585 Plato
204 2529 269 2584 iecit
286 2529 314 2581 in
333 2544 348 2582 o
368 2528 440 2581 timis
459 2527 572 2596 dialogis
591 2529 660 2595 suis3
686 2543 767 2596 quam
785 2526 820 2579 ob
838 2541 945 2579 causam
964 2526 1105 2593 exquirere

103 2615 159 2652 non
179 2597 250 2665 licet,
268 2544 375 2665 quandia
394 2596 506 2664 quisque
525 2597 688 2663 compositus
707 2597 749 2661 sit,
769 2611 850 2662 quum
868 2595 895 2646 in
909 2593 1020 2648 scenicis
1031 2593 1105 2647 sabu-

102 2666 136 2719 lis
154 2665 249 2719 saltem
267 2680 302 2718 ex
320 2663 472 2719 didascaliis
490 2664 647 2731 plerumque
665 2669 759 2718 notum
771 2663 806 2716 sit
818 2669 932 2729 tempus,
951 2678 1003 2729 quo
1017 2661 1105 2715 editae

102 2739 174 2788 sunt.
209 2734 251 2787 De
269 2733 335 2800 ipsis
352 2732 436 2800 igitur
453 2732 607 2786 auctoribus
624 2732 685 2785 libri
703 2732 831 2785 usitatum
849 2737 890 2784 est
907 2730 1027 2797 verbum,
1051 2729 1105 2782 sive

102 2801 136 2855 de
154 2802 195 2869 iis,
214 2796 265 2870 qui
278 2800 369 2853 limam
387 2800 482 2854 alienis
499 2800 575 2853 libris
593 2799 764 2866 adhibebant,
782 2815 836 2852 non
853 2797 886 2850 de
902 2797 1105 2863 criticisposte·

101 2869 205 2923 riorum
223 2867 399 2923 saeculorum.

113 2975 119 2978 -
172 2956 208 3022 1⁵)
226 2954 314 3008 Notus
333 2953 407 3007 locus
425 2958 466 3007 est
483 2969 509 3020 p.
527 2955 589 3006 228.
613 2953 644 3006 B.
672 2951 705 3005 de
730 2949 901 3018 Hipparcho:
937 2949 967 3006 ὃς
989 2945 1056 2999 ἄλλα
1073 2964 1105 2999 τε

104 3022 193 3076 πολλὰ
218 3023 262 3074 καὶ
285 3021 353 3074 καλὰ
379 3021 449 3109 ἔργα
473 3022 569 3089 σοφίας
592 3019 763 3084 ἀπεδείξατο,
788 3018 830 3071 καὶ
849 3017 883 3069 τὰ
897 3015 1013 3086 Ὁμήρου
1031 3019 1105 3134 abach.

100 3109 148 3150 τος
169 3090 296 3154 ἐκόμισεν
316 3091 356 3149 εἷς
373 3107 422 3159 την
447 3095 497 3158 γῆν
516 3091 636 3159 ταυτηνί,
662 3089 706 3140 καὶ
723 3088 860 3158 ἠνάγκασε
878 3085 943 3145 τοὺς
959 3086 1041 3154 ραψῳ
1059 3083 1105 3143 οὺς

102 3155 310 3227 Παναθηναίοις
328 3158 362 3217 ἐξ
379 3158 541 3228 ὑπολήψεως
559 3158 659 3226 ἐφεξῆς
677 3156 747 3208 αὐτὰ
764 3156 869 3218 διϊέναι,
887 3153 979 3223 ὥςπερ
998 3157 1044 3204 νῦν
1065 3151 1104 3202 ἔτι

100 3225 156 3278 αἵδε
174 3231 304 3278 ποιοῦσιν.
340 3228 373 3279 ln
396 3243 449 3295 quo
474 3225 619 3293 permirum
638 3231 692 3288 est,
722 3239 755 3278 ea
772 3223 831 3290 ipsa
849 3222 1005 3289 simpliciter
1023 3218 1105 3271 tribui

99 3293 252 3363 filio,'quae
277 3294 311 3348 ab
330 3294 389 3347 aliis
406 3295 478 3362 patri
502 3292 657 3347 tribuuntur
680 3299 708 3345 et
726 3291 823 3346 Soloni.
860 3290 1018 3357 Quanquam
1036 3287 1104 3366 haec

100 3363 282 3430 discrepantia
304 3363 391 3417 maior
415 3369 456 3416 est
479 3361 569 3429 specie
593 3378 673 3430 quam
697 3377 743 3428 re,
768 3361 790 3413 si
808 3365 926 3414 nostram
946 3361 1104 3410 sententiam

100 3447 224 3500 sequare,
243 3431 294 3498 vel,
314 3447 383 3554 effinse
391 3446 478 3511 prope
491 3428 584 3483 eadem
597 3435 645 3497 est,
657 3429 846 3483 Kusterianam
859 3443 886 3494 p.
902 3429 967 3492 101,
980 3428 1013 3477 ‘et
1025 3423 1103 3477 simul

99 3499 212 3567 cogites,
230 3499 279 3554 illu
347 3500 417 3554 cim
435 3498 543 3566 scripto,
563 3497 634 3565 quod
651 3497 687 3552 ad
704 3496 813 3550 laudem
828 3493 979 3563 Hipparchi
997 3507 1103 3559 compo-
