2498 3952
519 259 692 312 -161-

112 406 162 477 qui
180 405 281 463 horum
297 421 429 464 versuum
448 407 542 465 omnia
562 406 685 477 vestigia
698 405 796 464 deleta
809 407 916 464 suntin
930 405 1099 464 doctissimis
1113 420 1152 466 aar

112 482 233 542 Scholiis
248 488 277 540 et
290 481 327 540 ad
336 481 497 541 Aristarchi
509 484 630 541 maxime
643 483 837 540 recensionem
847 483 1004 541 adornatis.
1023 483 1101 555 Age·

113 558 180 616 dum
199 575 294 630 porro,
314 559 462 617 Plutarchi
481 561 579 618 evolve
599 560 700 631 locum,
720 559 770 617 ubi
792 559 884 631 docet,
905 566 1027 630 quatuor
1040 576 1101 618 ver·

112 651 160 692 sus
179 635 209 691 in
228 633 378 692 Phoenicis
399 637 528 694 oratione
549 636 584 694 ab
598 634 766 693 Aristarcho
788 636 915 694 sublatos
936 651 999 693 esse
1014 642 1044 694 et
1055 652 1101 694 re-

113 709 332 781 stituendos⁴⁷):
352 727 388 768 ne
408 711 438 769 hi
458 712 572 783 quidem
585 712 614 768 in
627 711 780 770 Eustathio
795 719 846 770 aut
860 712 981 770 Schoh'is
994 713 1100 771 nostris

111 793 312 846 memorantur.
352 788 412 845 Iam
433 789 594 847 convocatis
615 789 733 860 cunctis,
754 789 803 859 qui
817 789 992 848 coniectores
1006 789 1101 860 perhi-

111 863 216 921 bentur
237 870 266 922 et
285 865 459 936 interpretes
472 866 585 937 priscae
599 865 751 922 vetustatis
765 871 795 922 et
808 863 901 922 famae
915 865 1055 937 sepultae,
1077 866 1101 923 si

111 955 210 998 verum
230 956 323 1009 arnae,
350 941 480 999 consulta
499 942 660 1013 nobiscum,
686 946 781 998 utrum
800 941 841 1013 ia,
862 942 910 1012 qui
930 947 974 1000 tot
993 957 1100 1013 versus,

111 1014 186 1075 forte
206 1032 331 1087 casuque
351 1017 388 1073 ad
408 1022 535 1076 nostram
555 1023 680 1075 aetatem
702 1018 821 1089 delatos,
843 1017 905 1076 loco
924 1018 1021 1089 morit,
1042 1024 1101 1089 aut,

112 1093 137 1150 si
159 1092 190 1149 id
209 1090 284 1151 forte
303 1093 332 1148 in
352 1093 520 1163 quibusdam
538 1095 651 1152 illorum
672 1100 738 1151 ante
763 1094 856 1165 ipsum
868 1094 926 1151 iam
938 1094 1101 1152 Zenodotus

111 1168 157 1227 rel
176 1169 226 1226 alii
244 1166 435 1241 fecerantss),
466 1176 562 1227 utrum
581 1171 630 1242 qui
649 1171 679 1226 in
697 1169 823 1229 Homero
844 1171 885 1228 sie
904 1170 1010 1227 versati
1036 1176 1102 1227 sunt

112 1245 194 1316 quasi
208 1245 380 1304 enasciando
395 1249 424 1303 et
437 1246 580 1318 poliendo,
593 1246 708 1318 integra
721 1263 810 1318 opera
824 1247 884 1304 eius
896 1245 1020 1304 edidisse
1034 1261 1102 1317 que·

112 1327 162 1380 ant
181 1322 280 1393 videri,
301 1338 338 1379 an
359 1323 469 1393 aliquid
488 1330 606 1395 praeter
618 1323 668 1380 illa
681 1323 829 1395 recidisse,
850 1322 926 1393 quod
938 1322 1024 1380 hodie
1036 1339 1102 1380 nus-

113 1414 197 1470 quam
217 1399 356 1469 supersit3
377 1398 500 1469 denique
519 1415 587 1456 num
606 1404 716 1457 textum
735 1399 788 1468 vel¹
799 1399 955 1457 habeamus
968 1400 1014 1456 rel
1027 1400 1102 1457 nori·

111 1491 175 1532 mus
196 1474 269 1532 adeo
283 1473 452 1532 Aristarcho
472 1477 658 1547 superiorem.
692 1476 804 1547 Quippe
824 1475 861 1533 ad
874 1475 948 1532 hunc
961 1476 1102 1547 inprimis

112 1556 258 1610 auctorem
277 1548 445 1608 referendas
460 1567 523 1609 esse
536 1552 638 1608 lituras
651 1552 730 1624 istas,
750 1550 855 1609 collata
867 1551 943 1608 inter
952 1567 983 1608 sc
994 1558 1024 1609 et
1033 1567 1102 1623 pen-

111 1627 199 1685 sitata
219 1627 313 1684 omnia
332 1643 428 1684 rerum
441 1634 585 1686 momenta
598 1627 711 1686 docent.
744 1627 852 1686 Verum
864 1628 938 1684 istae
951 1628 1059 1699 liturae¹
1069 1634 1102 1685 ut

112 1701 228 1761 defendi
245 1703 356 1776 possint
369 1720 475 1776 omnes,
497 1706 543 1773 (ac
555 1704 625 1762 mihi
639 1703 755 1776 quidem
773 1705 861 1761 ctiam
874 1703 1025 1762 Phoenicis
1039 1720 1101 1762 ver·
1114 1731 1151 1772 2⁶3

112 1796 160 1838 sus
180 1780 259 1837 uncis
281 1779 361 1851 digni
380 1779 558 1852 videbantur,
579 1781 635 1838 nisi
653 1797 698 1838 me
715 1781 843 1852 gravium
858 1786 888 1837 et
901 1786 1049 1839 acutorum
1062 1781 1099 1837 vi-

110 1873 207 1915 rorum
226 1871 379 1915 consensus
400 1856 609 1929 deterruisset)
629 1857 744 1914 minime
764 1862 860 1914 tamen
879 1856 1036 1929 prehabilis
1057 1864 1101 1915 est

111 1933 161 1990 illa
179 1931 340 1991 Aristarchi
360 1934 448 2000 ratio,
473 1949 542 2005 qua,
570 1935 594 1990 si
622 1931 693 1992 fides
714 1940 758 1991 est
777 1933 942 2004 Athenaeo,
967 1949 1052 1990 versu
1070 1935 1100 1990 in

110 2008 201 2067 iliade
222 2009 317 2067 deleto
338 2010 509 2066 sententiam
530 2010 680 2081 pervertit,
707 2009 886 2079 eundemque
906 2024 1018 2066 versum
1038 2025 1100 2066 cum

112 2091 234 2156 quatuor
254 2085 317 2142 aliis
338 2085 431 2143 alieno
450 2086 512 2144 loco
526 2085 674 2143 transtulit
686 2085 715 2141 in
729 2083 941 2156 Odysseam49).
973 2085 1101 2142 Tametsi

109 2244 247 2313 Euripidis
271 2247 329 2366 (τέν
352 2247 409 2296 κατ’
427 2242 572 2314 Εὐριπίδην
592 2243 706 2310 ἔκδοσιν)
730 2243 822 2297 refert.
858 2242 942 2310 Atqui
959 2241 1003 2294 hic
1021 2242 1100 2297 Euri·

109 2309 1100 2449 ettettffqhteehttttherttdtttittahtett

31 2472 39 2480 ·
110 2449 178 2504 lonis
200 2449 404 2518 opponebantur
420 2465 469 2528 pro
497 2447 580 2502 catal.
599 2451 640 2502 65.
667 2450 747 2515 (558.)
765 2463 810 2514 ap.
828 2445 914 2500 Strab.
932 2447 978 2500 IX.
996 2464 1023 2515 p.
1041 2451 1099 2502 394.

111 2519 192 2586 (604.)
209 2533 246 2571 un
264 2533 326 2572 uam
343 2521 465 2570 venerunt
482 2517 510 2569 in
527 2515 628 2594 scripta
644 2516 820 2594 exemplaria,
847 2513 1099 2594 dubitarinfortasse

110 2586 180 2640 licet.
215 2532 268 2640 Sei
285 2584 356 2654 quod
373 2599 419 2638 eos
435 2582 513 2637 hodie
531 2599 585 2637 non
601 2599 628 2636 rn
645 2583 737 2638 ordine
748 2583 869 2651 legumus,
886 2598 932 2635 mx
945 2583 990 2636 alu
1002 2582 1099 2639 cneco

111 2653 225 2708 debetur
241 2668 321 2722 quam
338 2651 503 2707 Aristarcho.

178 2741 215 2807 4⁷)
236 2738 277 2793 De
300 2737 361 2791 aud.
378 2736 466 2805 podiis
482 2755 510 2806 p.
527 2741 568 2792 26.
585 2737 618 2791 F.
648 2735 674 2788 ‘0
699 2734 792 2795 Φοῖνιξ
817 2735 860 2787 διὰ
884 2737 933 2805 τὴν
951 2735 1100 2788 παλλακίδα

112 2807 267 2877 κατάρατος
289 2806 339 2858 ὑπὸ
363 2809 412 2858 τοῦ
435 2806 536 2877 πατρὸς
557 2805 717 2887 reverteres,
747 2800 809 2856 Τὸν
836 2802 894 2868 μὲν
922 2803 1001 2870 ἐγώ,
1033 2804 1099 2873 φησὶ

111 2875 221 3001 atomi]
237 2873 263 2927 ‘0
278 2874 333 2997 ἒὲόιέ
345 2873 523 2946 Ἀρίσταρχος
539 2872 652 2933 effecit
669 2874 778 2925 ταῦτα
795 2870 834 2924 τὰ
851 2869 911 2938 ἔπη
928 2871 1100 2940 φοβηθείς

112 2959 127 2998 e
157 2986 163 2997 .
222 2963 264 2997 .ι,
336 2957 406 3011 sqq.

179 3029 216 3096 ⁴⁸)
231 3028 291 3083 Hoc
307 3027 440 3082 Kusterus
458 3027 610 3097 opponebat
627 3025 767 3093 Giphanio,
786 3025 886 3079 Hister.
902 3025 959 3079 crit.
972 3024 1049 3078 Hom.
1062 3024 1098 3093 Π,
1153 3040 1156 3048 ·

111 3095 262 3219 &abach
273 3102 370 3150 neuter
381 3111 489 3150 causam
501 3109 659 3164 cognoscere
670 3093 759 3161 potnit
768 3099 826 3146 tum
837 3099 948 3161 propter
958 3092 1098 3160 penuriam

150 3250 216 3330 ‘'49)
232 3250 330 3305 Athen.
346 3248 394 3330 JV.
412 3264 473 3318 pag.
495 3253 550 3304 180.
569 3265 624 3370 seq.
643 3263 699 3328 ¹quc
722 3246 781 3300 loco
806 3245 895 3299 nullus
915 3249 957 3298 est
973 3244 1097 3325 omnium,

113 3334 159 3388 qm
176 3324 238 3372 sunt
255 3316 287 3371 de
304 3317 470 3398 Anstaroho,
486 3332 604 3396 memora
621 3316 689 3396 ihor.
708 3314 879 3394 Quapropter
887 3327 967 3380 saepe
979 3328 1037 3393 sum
1050 3328 1098 3366 mr·

111 3379 1098 3523 reueharisstatisfaciatthritheitae

138 3549 224 3600 Wolf,
236 3549 403 3599 Protogenen.
922 3548 946 3587 11
