2482 3960
483 311 659 365 -115-

70 463 119 522 Ne
145 466 257 520 tantum
283 457 398 531 quidem
427 459 570 529 reliquum
598 457 736 519 habemus
768 477 804 520 ex
828 463 913 522 Arati
944 463 1070 522 editione

73 539 238 614 Odysseae,
265 537 314 594 cui
338 541 371 593 ut
393 535 488 594 Iliada
513 533 650 609 adderet,
680 540 894 610 aplmmoram
913 542 1071 614 compactio

72 617 236 685 liberatam,
255 613 393 671 invitatus
414 611 520 671 dicitur
545 609 635 670 fuisse
661 629 679 671 a
698 629 768 687 rege
789 615 904 690 Syriae,
928 616 1071 676 Antiocho

73 691 230 764 Sotere⁶⁶).
270 688 354 760 Quod
373 704 460 760 quum
480 688 587 747 exitum
606 704 664 748 non
683 691 845 763 habuisset,
865 693 891 750 si
910 693 984 752 bene
1004 709 1071 751 con-

71 771 200 840 iicimus,
220 783 294 824 eam
318 780 437 837 operam
462 766 624 838 suscepisse
648 767 764 826 videtur
787 768 931 842 Rhianus,
966 769 1070 829 nobilis
1084 788 1122 828 rsa

75 853 107 905 et
132 847 195 918 ipse
218 847 323 916 po‘eta,
352 843 432 900 cuins
458 843 654 900 recensionem
685 844 767 903 nobis
792 861 886 917 pauca
909 843 1072 918 fragmenta

75 920 346 981 desiderabiliorem
365 917 533 991 faciundo,
566 934 651 990 quam
676 920 816 992 quidquid
835 922 865 978 in
891 924 946 981 hoc
965 937 1071 994 genere

73 998 145 1058 lusit
162 995 331 1070 Apollonius
350 994 533 1067 Rhodius-'ut

152 1073 193 1132 At
212 1072 304 1131 tribus
316 1071 368 1130 his
388 1073 482 1144 poetis
501 1073 636 1144 superior
654 1077 752 1131 aetate
771 1071 826 1130 fuit
840 1077 995 1130 Zenodotos
1014 1074 1072 1147 ille,

75 1153 220 1225 Apicios,
241 1148 290 1220 qui
309 1148 466 1207 maioribus
485 1148 624 1207 librorum
644 1149 734 1222 copiis
754 1151 921 1221 maioreque
941 1150 1072 1224 audacia,

74 1244 162 1301 quam
182 1226 333 1298 quisquam
358 1229 474 1297 postea,
501 1224 539 1283 ad
558 1225 767 1283 recensendum
786 1227 919 1286 accessit.
957 1226 1003 1285 Ab
1023 1227 1073 1285 illo

75 1304 114 1364 ad
134 1305 266 1375 Apaioaem
289 1301 375 1359 huius
404 1300 544 1361 historiae
570 1304 676 1356 tertiam
692 1306 836 1374 pastoriam
855 1303 1073 1374 constituimus3

74 1383 106 1440 in
125 1396 183 1452 qua
202 1378 317 1437 demum
338 1377 509 1437 criticorum
534 1382 565 1436 et
584 1377 843 1438 Grammaticorum
867 1381 998 1453 neritia,
1025 1381 1074 1452 qui
1150 1418 1153 1425 ·

75 1457 228 1530 fungorum
248 1454 333 1514 modo
352 1454 547 1513 Alexandriae
567 1459 597 1512 et
616 1455 751 1527 Pergami
765 1457 992 1529 succrescebant,
1013 1476 1074 1512 οονι-

74 1536 193 1590 stootior
205 1537 304 1604 foma
325 1540 410 1585 tectas
429 1530 548 1588 inducta
568 1536 621 1589 est.
660 1532 722 1590 Iam
734 1533 831 1590 multis
851 1534 938 1592 rebus
959 1533 1074 1606 penitus

76 1626 215 1670 conversa
235 1611 299 1666 erat
317 1605 408 1665 facies
422 1606 599 1666 Graecarum
617 1608 789 1681 litterarum,
809 1610 853 1667 uti
865 1610 992 1682 ipserum
1006 1609 1074 1667 civi-

77 1692 179 1746 tatum.
219 1685 277 1743 Pro
304 1681 389 1756 foris,
414 1700 467 1756 pro
491 1685 610 1757 pulpitis
637 1690 666 1743 et
690 1687 784 1744 scenis
809 1692 839 1744 et
858 1685 1076 1745 celebritatibus
1090 1702 1127 1743 raa

145 1866 181 1935 51)
199 1864 255 1919 Res
272 1879 289 1918 a
307 1862 412 1916 nemine
430 1863 573 1931 attingitur
588 1869 698 1931 praeter
714 1864 823 1920 Suidam
841 1865 873 1918 T.
892 1865 913 1919 Ι,
932 1881 958 1933 p.
971 1869 1031 1920 309.
1049 1869 1077 1917 et
1161 1864 1167 1874 '

80 1938 218 1988 auctorem
235 1937 290 1985 vet.
325 1930 404 1984 Vitae
422 1930 502 1984 Arati
518 1932 547 1984 in
564 1931 668 1986 Petavii
685 1932 795 1987 Uranol.
813 1949 840 2013 p.
858 1934 917 1988 270.
934 1935 968 1987 A.
985 1934 1078 1988 Poste·

78 2001 145 2056 riori
162 2007 254 2054 tamen
272 1998 383 2053 admove
401 1998 481 2052 aliam
498 2005 551 2053 vet.
569 1999 660 2054 Vitam
677 2000 833 2055 inErnestri
845 2000 1006 2054 Callimacho
1024 2000 1078 2068 pri-

79 2085 153 2123 mum
170 2068 308 2136 vulgatam
325 2067 357 2120 T.
369 2065 391 2120 Ι,
411 2082 437 2134 p.
449 2070 508 2122 591.
544 2067 651 2121 Ubicun
669 2083 703 2122 ue
721 2068 835 2123 Aratum
853 2066 964 2121 laudant
981 2067 1078 2122 Scholl.

80 2142 110 2192 et
127 2136 296 2204 Eustathius,
313 2135 373 2190 able
392 2140 440 2187 ant
456 2150 505 2188 nos
522 2133 558 2188 ad
573 2141 639 2189 nota
650 2084 786 2190 {climata
822 2134 875 2189 Sed
892 2135 1010 2190 notabile
1029 2141 1079 2197 est,

82 2205 156 2274 quod
172 2204 226 2258 iam
243 2209 302 2257 tum
320 2151 460 2258 11οεὶ1111
469 2202 642 2257 Homericum
654 2203 768 2257 Carmen
786 2203 1001 2267 recapessat
1019 2203 1079 2255 ὑπὸ

80 2272 229 2335 πολλῶν,
248 2287 330 2340 quum
346 2271 392 2324 vix
409 2270 480 2324 ullus
497 2270 664 2338 cubicorum,
683 2271 951 2339 exceptoZenodoto,
969 2271 1005 2326 ad
1022 2286 1079 2325 cor·

80 2339 259 2409 rumpendum
284 2338 317 2393 de
341 2338 474 2393 industria
495 2338 671 2406 prosiluisset
704 2339 796 2393 Etiam
814 2339 865 2393 hoc
882 2338 1021 2394 coufirmat
1039 2353 1079 2406 ea,

82 2424 153 2478 quae
172 2408 296 2475 superius
314 2406 370 2461 dixi
387 2406 421 2459 de
438 2407 580 2474 rhapsodis
598 2412 625 2460 et
643 2406 735 2474 primis
753 2407 975 2476 descriptoribus,
1002 2423 1080 2476 spon·

83 2484 164 2545 teque
182 2476 211 2528 in
228 2476 383 2530 memoriam
401 2481 510 2528 revocat
527 2474 657 2529 monitum
675 2476 794 2531 Timonis
811 2493 837 2529 n.
855 2480 910 2546 42,
939 2481 1027 2544 recte,
1049 2481 1081 2528 ut

82 2546 185 2613 opinor,
204 2549 346 2613 acceptum
364 2558 381 2596 a
397 2542 522 2597 Fabricio
539 2558 565 2610 p.
584 2546 643 2598 368.

152 2631 188 2696 ⁵⁷)
206 2629 236 2684 A.
253 2631 294 2684 97.
313 2633 373 2683 553.
392 2647 418 2683 π.
436 2633 496 2684 559.
513 2647 537 2680 σ.
559 2632 601 2685 10.
621 2632 659 2683 11.
685 2632 749 2699 (non
776 2629 839 2684 lecti
864 2632 893 2682 ἐν
918 2633 953 2710 τῇ
968 2627 1081 2709 tPromoti)

83 2715 106 2754 r.
125 2701 169 2776 41.
185 2717 219 2777 ὀ.
236 2700 293 2752 188.
312 2701 369 2752 331.
395 2715 423 2764 φ.
440 2699 499 2753 607.
524 2699 553 2763 ψ.
572 2700 618 2776 81..
636 2717 665 2750 α.
684 2703 725 2752 85.
769 2699 830 2752 Duo
856 2699 899 2752 vel
916 2704 970 2753 trra
988 2714 1022 2752 ex
1038 2698 1081 2777 hus

82 2765 271 2845 specummbus
288 2765 391 2818 habent
407 2764 479 2833 quod
496 2763 574 2818 valde
593 2765 746 2834 drspliceat3
764 2773 855 2845 cetera
869 2765 1019 2844 modestum
1030 2766 1082 2844 vrri

81 2848 219 2912 ungentum
242 2832 369 2912 produnt.
404 2835 495 2913 Atque
520 2833 635 2886 fortasse
660 2833 728 2888 haec
745 2848 866 2888 recensro
885 2833 924 2902 (11
941 2848 1039 2911 nomen
1054 2849 1082 2912 er

81 2899 200 3021 rrndrcatt
223 2901 461 3022 loAquendrhmodus
478 2901 536 2968 rile,
559 2897 704 2971 ἡῬιανοῡ,
728 2906 745 2972 ἡ
763 2901 832 2954 κατὰ
846 2897 956 2970 Ῥιανόν)
979 2900 1031 2954 furt
1052 2916 1082 2953 1n

81 2983 215 3037 apparau
259 2975 355 3023 rrstarc

86 3093 90 3103 ,
153 3054 189 3120 ⁵⁸)
206 3054 274 3107 Eius
292 3057 348 3108 tres
366 3051 515 3108 afferuntur
532 3052 669 3122 lectiones,
694 3072 718 3106 α.
737 3057 762 3108 3.
780 3055 901 3122 κεφαλάς
917 3070 967 3123 pro
985 3053 1082 3124 ψυχάς,

83 3121 202 3188 (scilicet
219 3137 254 3175 ex
272 3123 295 3177 l.
312 3127 353 3177 55,
373 3121 419 3175 ubi
436 3138 461 3176 v.
478 3121 588 3190 Scholl.)
606 3127 634 3176 et
646 3141 668 3176 ν,
682 3123 741 3177 857.
761 3123 911 3182 ἀναθέντες
928 3138 954 3190 p.
967 3122 1081 3173 ἀνέσαν-

82 3207 144 3257 τες;
168 3189 303 3269 posterior
325 3191 354 3242 ἐκ
380 3194 430 3242 τοῦ
452 3192 686 3310 (αυγγὶαάμματος)
713 3191 781 3258 πρὸς
799 3187 949 3260 Ζηνόδοτον
967 3191 986 3245 i.
1004 3205 1027 3242 e.
1046 3189 1083 3241 ad

82 3273 104 3313 s.
123 3262 215 3325 pot1us
232 3261 355 3311 advocata
372 3259 401 3312 Z.
421 3257 514 3312 Tertia
541 3259 619 3327 ectio,
636 3274 690 3311 non
707 3258 786 3325 mala,
803 3259 831 3324 β.
850 3261 909 3312 436.
927 3257 1083 3326 ἐγγυαλίζει,

81 3325 226 3393 Apollonio
245 3326 392 3380 communis
403 3325 455 3379 fuit
466 3341 527 3380 cum
538 3326 676 3394 Aristoph.
689 3332 717 3379 et
728 3325 892 3380 Aristarcho.
918 3325 1083 3380 Scholiastae

81 3392 195 3448 verbum
213 3393 259 3461 ibi,
282 3395 462 3464 προφέρεται,
487 3394 609 3448 omnibus
626 3394 699 3462 tocie,
722 3394 750 3447 ni
768 3393 854 3462 fallor,
877 3392 912 3447 ad
935 3392 1083 3462 singulares

82 3459 167 3584 lbigrlols
189 3462 453 3599 {Biticosbpergilnem
477 3479 531 3517 non
553 3463 587 3516 ad
609 3462 694 3516 iustas
716 3462 846 3521 ἐκδόσεις.
884 3461 1083 3531 [14821139.

912 3623 935 3662 ἢ.
