2482 3960
505 316 677 369 ..3-

93 479 125 522 se
155 479 292 537 operosa,
323 462 518 536 impediantur
542 463 639 536 potius
665 479 750 535 quam
769 469 916 521 ornentur.
955 462 989 520 In
1018 463 1092 524 tales

92 556 196 674 negnpe
216 543 359 675 ressggtaitio
380 539 530 612 quaedam,
550 556 608 599 non
628 541 690 597 veri
709 539 830 601 nominis
851 543 966 595 racanato
988 540 1092 601 cadere

92 633 120 676 m
143 633 185 674 err
206 635 243 691 po

564 742 613 817 II.

154 845 212 904 Sed
241 845 277 903 de
306 845 350 904 bis
381 846 410 902 in
437 846 600 903 universum
630 860 713 902 nemo
739 843 882 916 ambigat:
913 845 942 902 in
967 844 1094 904 Homero

95 927 201 994 autem,
223 922 420 993 antiquissimo
440 929 522 994 vate,
542 921 573 979 id
592 922 686 994 ipsum
707 919 834 979 dubitari
854 921 952 992 video,
982 922 1093 980 tantine

95 1003 155 1055 tam
175 1014 311 1057 novorum
332 999 461 1056 codicum
482 999 639 1056 auctoritas
659 995 794 1055 facienda
819 998 865 1054 sit.
905 998 980 1055 Nam
999 999 1093 1056 nullus

95 1077 193 1132 eo'rum
213 1090 249 1132 ne
269 1080 479 1146 postremorum
500 1075 615 1145 quidem
634 1073 804 1132 Latinorum
830 1075 1003 1146 scriptorum
1022 1080 1094 1132 tem·

94 1166 167 1223 pora
188 1151 319 1222 attingit3
339 1152 426 1223 pauci
446 1156 513 1209 sunt
533 1157 563 1209 et
581 1151 651 1222 rari,
671 1149 720 1222 qui
739 1149 803 1206 XII.
825 1150 870 1207 vel
883 1150 934 1207 XI.
948 1151 1093 1208 saeculum

96 1226 244 1284 excedant.
272 1227 352 1298 Quae
373 1227 516 1286 dubitatio
537 1228 562 1285 si
583 1244 646 1285 eam
666 1228 723 1283 vim
735 1225 851 1299 habeat,
866 1232 899 1284 ut
911 1232 998 1299 poeta
1011 1227 1094 1285 nobis

97 1319 132 1360 ex
153 1302 198 1360 his
217 1301 344 1361 fontibus
366 1303 404 1361 ad
424 1305 577 1362 veritatem
592 1309 622 1362 et
635 1303 832 1374 integritatem
846 1308 950 1375 textus,
971 1303 1093 1376 primum

98 1378 194 1437 divino
215 1379 276 1436 eius
297 1395 347 1438 ore
366 1378 437 1452 1111,
463 1380 557 1452 redigi
577 1385 715 1451 nequeat,
737 1379 829 1437 dicam
848 1379 983 1452 posthac,
1009 1396 1094 1451 quam

94 1454 221 1512 libenter
240 1454 314 1513 banc
334 1462 444 1514 sectam
462 1458 661 1527 rationemque
682 1472 795 1527 sequar.
835 1457 876 1512 At
900 1472 986 1527 quum
1016 1464 1094 1515 vete·

94 1547 158 1589 rum
177 1531 315 1589 librorum
335 1530 397 1589 iata
416 1533 527 1605 cogito,
552 1549 754 1604 nonnunquam
780 1537 898 1604 praeter
922 1549 1002 1605 spem
1028 1550 1094 1606 pro·

59 1663 62 1667 ,
95 1623 190 1679 spera,
212 1614 298 1678 utque
320 1608 526 1680 animadverto,
547 1625 632 1680 quam
652 1625 743 1682 prope
764 1609 1119 1680 1111111111111111111-1

95 1683 169 1742 ditos
189 1683 346 1741 habeamus
366 1684 560 1757 Herodotum,
581 1685 746 1757 Platonem,
766 1685 1000 1758 Xenophontem,
1021 1686 1093 1745 alios

96 1760 160 1817 aevi
181 1760 319 1832 eiusdem,
341 1777 411 1832 quos
433 1777 468 1818 ex
489 1761 645 1820 eorundem
666 1761 848 1821 librariorum
868 1763 999 1820 manibus
1014 1776 1094 1821 acce-

93 1837 204 1908 pimus,
229 1837 285 1894 nisi
309 1836 384 1896 forte
411 1839 570 1910 priscorum
595 1836 701 1895 ἀοιδῶν
726 1839 852 1912 pessima
871 1837 909 1896 ad
928 1855 979 1897 nos
1002 1855 1094 1897 exem·

96 1913 193 1985 plaria
212 1915 352 1985 venerint,
372 1930 429 1972 non
449 1915 574 1988 reperio,
595 1932 647 1972 cur
665 1915 710 1973 his
731 1921 812 1973 tanto
832 1916 924 1973 minus
938 1931 1023 1987 quam
1037 1916 1094 1973 illis

96 1986 296 2047 confidendum
317 1991 363 2047 sit
403 1990 527 2049 Accedit
545 1992 615 2063 huc,
637 1991 713 2062 quod
735 1991 805 2049 Crit'
784 1998 906 2049 11111111
925 1991 1095 2049 Alexandri-

96 2080 206 2136 norum,
228 2067 278 2136 qui
298 2066 434 2139 deinceps
450 2068 630 2139 exstiterunt,
652 2083 742 2140 opera
755 2068 885 2139 contigit,
905 2073 939 2124 ut
951 2084 1004 2125 nos
1017 2067 1094 2126 haud

95 2139 183 2200 dubie
196 2141 354 2208 Homerum
367 2143 464 2200 multis
478 2144 548 2201 locis
561 2144 670 2202 rectius
691 2144 830 2231 scriptum
849 2143 989 2213 legamus,
1010 2160 1094 2215 quam

94 2217 176 2274 illi
168 2219 224 2290 ipsi
243 2218 342 2290 legere
362 2225 489 2290 possent.
529 2219 697 2308 Denique
688 2236 718 2276 m
745 2219 780 2276 iis
811 2219 901 2290 script
889 2219 1015 2291 toribus,
1046 2222 1095 2292 qui

94 2292 213 2352 Homeri
232 2309 333 2352 versus
353 2300 511 2367 apponunt,
530 2297 683 2367 pauciores
705 2311 783 2367 sane,
804 2311 890 2366 quam
910 2296 972 2366 quis
986 2302 1094 2369 speret,

95 2369 280 2427 diversitates
306 2371 439 2429 lectionis
465 2377 546 2443 sunt,
571 2388 646 2444 quae
672 2372 788 2443 quidem
813 2371 933 2429 alicuius
958 2375 1095 2431 momenti

57 2517 60 2522 .
94 2445 160 2518 sint,
180 2461 234 2503 nec
253 2444 341 2504 infida
360 2449 499 2506 memoria
518 2448 654 2520 vitiatae,
680 2465 751 2519 quas
771 2463 828 2506 non
850 2449 968 2506 existis
990 2449 1095 2508 codici-

94 2520 149 2579 bus
169 2537 263 2595 paene
283 2523 400 2581 easdem
427 2524 608 2596 recipiamus.
646 2525 769 2583 Novitas
790 2525 865 2582 enim
885 2524 1015 2583 codicum
1038 2542 1094 2584 non
1126 2521 1128 2533 '

93 2599 187 2656 maius
207 2599 309 2656 vitium
329 2605 389 2671 111,
416 2616 501 2670 quam
525 2600 670 2659 hominum
690 2600 901 2659 adolescentia:
932 2602 1020 2660 etiam
1048 2603 1096 2661 hic

94 2690 150 2733 non
181 2691 297 2748 semper
316 2680 398 2734 aetas
419 2677 590 2749 sapientiam
611 2677 708 2748 aliert3
737 2682 771 2734 ut
797 2677 917 2749 quisque
947 2679 1095 2749 antiquum

95 2755 125 2808 11
153 2750 259 2809 bonum
286 2757 433 2811 auctorem
459 2752 533 2811 bene
558 2754 703 2825 sequitur,
733 2753 776 2811 111
804 2754 889 2811 111111
921 2759 966 2812 111
993 2754 1093 2813 11111.

92 2825 160 2884 Ε111
179 2828 269 2899 igitur
290 2827 469 2887 Scholiorum
491 2835 520 2886 et
540 2829 753 2889 Glossariorum
774 2830 928 2902 apparatui
947 2831 1094 2903 aliquanto

92 2903 160 2974 plus
182 2920 267 2976 quam
287 2904 372 2962 nudis
392 2905 566 2964 membranis
586 2907 698 2976 tribuo,
726 2906 857 2979 pluribus
884 2910 981 2963 tumen
1008 2922 1103 2965 exem-

92 2979 148 3050 plis
170 2995 260 3068 saepe
279 2982 433 3069 perspexi,
464 2980 537 3039 haec
564 2981 699 3040 Carmina
722 2998 779 3040 non
799 2982 914 3039 nisit
882 2983 1011 3053 utrisque
1037 2999 1103 3042 con·

93 3056 198 3113 iunctis
229 3057 320 3145 copiis
352 3057 390 3115 ad
428 3073 492 3115 cam
531 3059 704 3132 scripturam
733 3059 864 3116 revocari
894 3075 998 3147 posse,
1028 3076 1103 3150 quae

93 3147 186 3203 neque
206 3132 277 3205 ipsis
297 3133 336 3191 sit
356 3133 487 3222 indigna,
509 3150 564 3192 nec
584 3151 602 3192 a
622 3135 726 3193 doctae
741 3135 922 3206 antiquitatis
936 3137 1102 3208 praeceptis

94 3206 263 3266 abhorrens
302 3208 343 3267 Et
362 3209 446 3269 boc
437 3227 467 3266 m
487 3210 590 3269 locot
567 3228 577 3266 1
578 3217 609 3268 ta
622 3211 704 3270 nobis
719 3209 960 3282 acquiescendum
975 3213 1038 3284 erit,
1060 3220 1103 3286 ut,

93 3283 118 3341 11
143 3300 249 3356 purum
268 3289 321 3357 put
322 3301 369 3342 um
390 3283 488 3343 ἀοιδὸν
514 3302 705 3359 quaeramus,
725 3303 779 3345 nec
799 3287 876 3344 idem
895 3286 991 3357 nobis,
1018 3289 1096 3360 quod

92 3358 264 3450 Plutarcho,
283 3360 415 3432 Longino
434 3363 480 3419 vel
499 3363 616 3436 Proclo,
637 3363 710 3421 satis
731 3379 796 3421 esse
816 3368 963 3435 putemus,
983 3370 1033 3421 ant
1056 3365 1095 3423 ad

92 3436 191 3495 inania
210 3443 286 3510 vota,
308 3442 359 3495 aut
347 3437 416 3496 atd
438 3437 559 3497 effrenat
546 3444 606 3497 tam
628 3439 775 3497 divinandi
795 3438 943 3497 libidinem
956 3456 1003 3498 res
1017 3440 1094 3497 redi-

91 3517 159 3570 tura
180 3528 245 3572 esse
263 3513 406 3572 videatur.

925 3613 956 3654 X!
