2482 3960
574 775 603 854 I.

91 920 216 1012 Duplex
235 940 265 996 in
284 938 384 1012 primis
405 953 495 1008 genus
516 943 561 995 est
575 935 792 1009 emendationis,
814 936 891 1008 quod
912 936 993 997 libris
1008 945 1115 998 veta-a

84 1033 148 1073 rum
162 1016 308 1075 admoveri
322 1020 352 1073 et
364 1020 462 1085 potest
476 1019 505 1070 et
519 1014 601 1085 solet,
615 1020 648 1071 ut
661 1030 680 1071 a
692 1013 769 1071 vitiis
784 1018 814 1071 et
822 1015 951 1084 maculis,
967 1030 1039 1086 quas
1051 1032 1088 1074 ex

87 1094 174 1163 longa
193 1090 427 1164 peregrinatione
447 1091 477 1146 in
496 1089 660 1148 barbariem
673 1090 769 1148 varias
784 1090 979 1163 plurimasque
992 1096 1089 1150 traxe·

85 1175 163 1239 runt,
173 1168 297 1239 liberati,
308 1167 427 1239 propius
439 1166 476 1224 ad
487 1167 634 1237 antiquam
646 1171 675 1223 et
686 1181 766 1223 suam
777 1165 897 1225 formam
906 1174 1087 1227 revocentur.

86 1243 218 1302 Alterum
237 1245 302 1316 plus
321 1243 433 1314 negotii
453 1247 496 1315 et,
525 1259 618 1315 paene
639 1241 774 1313 dixerim,
801 1258 957 1302 aerumnae
982 1242 1088 1316 babet;

87 1321 210 1378 alterum
223 1321 288 1391 plus
302 1320 414 1378 otiosae
429 1319 644 1378 delectationis:
659 1324 821 1391 utrumque,
835 1325 916 1377 recte
930 1321 955 1378 si
969 1320 1086 1379 adhibe

85 1402 142 1468 tur,
163 1396 234 1453 utile
255 1402 311 1466 est3
333 1401 364 1454 at
384 1396 506 1452 alterum
527 1397 634 1453 utilius.
668 1396 743 1452 Nam
757 1395 806 1467 qui
821 1397 936 1468 optimis
950 1395 1088 1455 subsidiis

86 1473 132 1529 vel
149 1472 265 1529 minime
279 1472 445 1542 instructus,
461 1472 631 1544 scriptorem
643 1470 726 1531 nobis
741 1470 966 1531 emendatiorem
981 1473 1088 1545 reddit,

86 1549 146 1604 sive
166 1549 282 1620 ingenio
303 1563 364 1617 suo,
385 1547 445 1604 sive
465 1557 621 1618 paucorum
640 1547 779 1606 librorum
800 1564 871 1619 usu3
892 1550 1020 1620 quamvis
1040 1551 1090 1608 vix

85 1624 207 1696 triginta
219 1639 327 1680 naevos
342 1623 500 1694 sustulerit,
516 1629 632 1681 centum
645 1625 799 1696 relinquat,
815 1641 880 1682 eum
894 1630 991 1683 tamen
1004 1642 1088 1685 nemo

86 1700 123 1757 de
143 1699 225 1758 bonis
245 1699 351 1757 litteris
372 1698 445 1757 bene
464 1701 570 1758 mereri
590 1705 685 1773 neget.
707 1701 809 1772 Itaque
829 1717 876 1758 res
896 1698 960 1760 fieri
973 1702 1088 1760 solebat

84 1781 145 1833 tum
164 1776 295 1848 maxime,
316 1791 402 1846 quum
421 1775 488 1833 libri
504 1778 613 1835 calamo
628 1777 728 1849 scripti
741 1793 798 1836 non
811 1777 853 1835 ita
868 1777 981 1850 pridem
995 1779 1085 1850 prelis

84 1851 187 1909 subiici
207 1853 382 1924 coepissent,
409 1853 495 1922 inque
524 1854 586 1911 dies
607 1870 717 1911 summa
737 1870 874 1913 novorum
894 1854 1087 1914 subsidiorum

85 1929 263 2000 exspectatio
291 1932 376 1985 esset.
418 1929 508 1999 Quem
528 1946 636 1987 morem
656 1935 759 2003 postea
778 1930 909 2001 plerique
935 1936 1003 1988 sunt
1023 1931 1087 1989 imi·

83 2005 139 2062 tati
159 2004 196 2061 ad
210 2011 336 2062 nostram
350 2009 485 2075 aetatem,
508 2007 595 2062 ctiam
607 2007 637 2061 in
651 2007 686 2063 iis
701 2004 898 2077 scriptoribus,
920 2007 970 2076 qui
983 2007 1085 2065 critica

83 2080 208 2138 materia
228 2086 258 2138 et
277 2081 354 2138 omni
367 2095 474 2150 genere
489 2080 718 2140 adiumentorum
732 2080 920 2138 abundarent.
941 2082 1083 2140 Nimirum
1099 2100 1114 2138 4

86 2157 172 2228 pauci
200 2171 338 2216 novarum
366 2157 565 2214 recessionum
586 2163 718 2215 auctores
741 2158 783 2214 ita
807 2161 911 2229 agunt,
944 2164 996 2216 aut
1023 2175 1088 2218 eam

86 2231 193 2289 laboris
214 2231 386 2304 patientiam
406 2231 542 2303 afferunt,
567 2239 600 2290 ut
627 2248 663 2290 ex
688 2233 759 2292 locis
785 2233 856 2291 satis
877 2249 965 2306 saepe
988 2250 1089 2294 recon-

86 2307 156 2365 ditis
177 2314 207 2366 et
227 2308 397 2381 disparatis,
418 2308 625 2381 inprimisque
645 2325 680 2367 ex
700 2309 846 2368 veteribus
867 2310 1088 2385 exemplaribus,

86 2398 199 2442 omnem
228 2385 399 2444 varietatem
423 2384 555 2444 lectionis
585 2386 769 2458 contrahant,
800 2402 857 2459 qua
887 2385 992 2446 deinde
1022 2404 1088 2446 cum

86 2461 212 2532 vulgatis
233 2467 407 2532 comparata,
428 2466 608 2520 constantem
622 2464 850 2521 emendationem
868 2463 1088 2535 aggrediantur.

86 2536 176 2594 Immo
197 2537 357 2615 consistunt
376 2535 437 2594 fere
458 2544 518 2595 tum
539 2537 662 2612 demum,
683 2540 733 2598 ubi
745 2539 913 2611 impeditior
926 2556 1027 2598 sensus
1041 2541 1087 2598 vel

85 2613 151 2683 ipsa
171 2613 268 2685 specie
287 2611 471 2671 manifestum
491 2615 592 2673 vitium
611 2616 761 2686 obiicitur3
783 2617 840 2674 iam
860 2615 898 2673 ad
918 2617 1013 2675 varias
1029 2617 1088 2675 lec-

85 2690 179 2748 tiones
200 2694 251 2747 aut
271 2688 309 2747 ed
329 2694 411 2748 vetus
433 2690 579 2763 exemplar
599 2690 780 2764 confugiunt,
808 2690 897 2750 surda
915 2693 1087 2764 plerumque

86 2765 219 2838 oracula,
243 2765 300 2822 nisi
325 2770 492 2824 constanter
511 2769 735 2826 consulentibus.
774 2769 876 2839 Neque
896 2769 1017 2826 multum
1043 2769 1094 2827 di··

87 2856 176 2899 versa
190 2842 266 2900 ratio
286 2846 332 2900 est
352 2857 466 2914 eorum,
492 2844 554 2916 qui,
581 2845 762 2917 quantumvis
785 2843 931 2902 interdum
951 2843 1030 2904 docti
1049 2861 1085 2904 ac

87 2917 234 2990 sollertes,
259 2934 371 2978 omnem
398 2918 627 2980 emendationem
653 2936 688 2979 ex
715 2922 825 2991 aliquot
842 2920 981 2978 librorum
1001 2921 1086 2980 MSS.

86 2989 143 3050 fide
163 3010 331 3066 suspensam
355 3011 419 3054 esse
439 2997 551 3069 volunt,
578 2998 815 3068 sesquisexta,
840 3012 915 3068 quae
938 3003 1086 3069 vocantur,

86 3069 174 3140 plane
196 3069 285 3128 edunt
304 3071 342 3130 ad
362 3073 446 3130 unius
467 3074 641 3146 exemplum,
662 3075 741 3133 velut
760 3073 946 3136 istitaudem
967 3074 1034 3131 libri
1048 3074 1086 3133 ad

85 3145 236 3218 scriptoris
256 3147 378 3207 sautem
397 3147 464 3207 latis
485 3147 623 3208 destinati
643 3157 748 3209 essent

145 3220 191 3278 Ab
212 3221 267 3280 boc
285 3223 392 3282 leviore
413 3231 444 3283 et
463 3227 547 3297 quasi
567 3225 726 3286 desultorio
740 3242 846 3299 genere
859 3225 1013 3298 plurimum
1028 3224 1088 3284 dis-

39 3297 189 3372 j⁰oropat
208 3298 294 3369 iusta,
315 3306 458 3372 perpetua
478 3308 508 3360 et
528 3303 615 3360 certis
635 3304 707 3360 artis
726 3304 840 3376 legibus
860 3302 926 3359 nixa
945 3303 1086 3361 recensio.

86 3372 120 3430 In
134 3374 184 3431 illo
198 3373 269 3432 nihil
282 3391 374 3447 prope
388 3377 475 3450 aliud,
490 3394 575 3449 quam
588 3379 696 3451 passim
710 3380 853 3438 exstantia
866 3379 998 3450 aliquove
1011 3379 1087 3437 libro

86 3449 203 3520 prodita
215 3451 335 3510 vulnera
348 3467 452 3511 sanare
466 3455 611 3527 volumus;
628 3457 848 3515 transmittimus
862 3455 955 3528 plura,
970 3454 1007 3514 ad
1022 3471 1088 3513 sen-

110 3548 198 3599 Woll,
211 3550 380 3601 Prolegomena.
932 3565 952 3601 x
