2482 3960
510 288 689 353 ..¹33-

99 450 274 508 simillimum
295 452 355 504 est:
381 451 478 504 tamen
504 446 613 518 aliquid
634 447 741 507 dictum
762 453 808 507 est
827 448 863 506 ab
884 448 928 521 iia,
949 448 998 519 qui
1019 446 1101 506 dubi-

99 527 226 585 tationes
246 524 415 595 attulerunt,
436 521 507 580 nihil
529 523 565 581 ab
585 523 639 595 his
660 526 710 596 qui
730 542 780 582 eas
801 524 946 583 discutere
957 524 1102 583 volebant.

97 603 217 661 Etenim
236 601 280 658 illi
299 600 439 657 inusitata
458 598 587 658 Homero
608 606 638 658 et
657 602 774 673 ingenio
795 602 857 658 eius
878 601 997 673 indigna
1016 602 1101 674 plura

99 680 183 738 sein
212 677 257 734 his
278 675 388 734 duobus
413 674 495 732 libris
523 674 751 748 deprehendisse
781 675 977 749 affirmabant,
1001 677 1031 734 hi
1055 678 1101 735 vel

99 753 305 825 antiquitatem
324 768 422 811 eorum
442 756 473 809 et
491 753 734 824 pulchritudinem
754 754 918 826 probabant
936 753 1050 825 Virgilii
1071 760 1101 811 et

100 831 267 902 aequalium
285 828 456 903 scriptorum
474 831 656 898 auctoritate,
678 831 774 900 (qnasi
788 845 844 888 non
858 831 944 900 longe
959 830 1100 900 antiquio-

83 914 160 979 res,
181 905 265 964 Plato
287 910 316 962 et
334 903 518 974 Aristoteles,
540 922 589 963 eos
609 923 663 978 pro
682 906 846 964 Homericis
860 905 1034 977 laudarent)
1055 907 1101 964 vel

100 983 305 1041 necessitatem
324 980 362 1038 ad
381 982 523 1039 iustorum
543 999 663 1053 operum
683 980 804 1040 formam
824 987 855 1040 et
873 997 1037 1039 mensuram
1049 983 1101 1041 im·

100 1057 246 1132 piendam.
279 1056 363 1130 Quod
376 1065 578 1129 argumentum
592 1059 677 1129 quale
691 1059 738 1126 sit,
752 1056 847 1115 facile¹
853 1064 984 1132 apparet,
997 1058 1101 1130 pudet·

100 1151 157 1207 que
176 1152 238 1207 nos,
260 1133 339 1190 ‘illud
357 1131 502 1192 refellere.
536 1135 580 1192 Εο
602 1135 678 1191 enim
704 1135 775 1191 nihil
795 1134 875 1192 aliud
895 1134 1017 1210 docent,
1046 1136 1101 1192 nisi

100 1210 177 1283 quod
204 1211 261 1283 ipsi
280 1211 378 1282 parati
398 1216 496 1268 essent
515 1211 588 1268 haec
609 1211 818 1283 complementa
839 1210 961 1282 addere,
988 1211 1013 1268 si
1032 1227 1101 1270 non-

99 1291 169 1345 dum
189 1292 350 1345 exstarent:
379 1287 434 1344 etsi
454 1286 491 1344 de
510 1287 603 1345 Iliade
630 1304 687 1345 non
713 1287 910 1346 demonstrant
936 1288 1100 1359 euregniis

99 1364 169 1436 suis,
190 1379 241 1421 cur
262 1379 297 1420 ea
310 1363 489 1435 potissimum
503 1365 534 1420 in
548 1364 737 1422 tumultuaria
751 1365 945 1436 descriptione
959 1363 1098 1422 Hectorei

100 1439 209 1498 funeris
229 1441 410 1497 terminetur.
449 1441 524 1498 Nam
545 1441 581 1497 de
602 1440 748 1513 Odyssea,
775 1439 852 1512 quod
877 1441 988 1511 volunt,
1013 1441 1100 1512 plane

100 1515 236 1574 efficiunt.
282 1516 317 1573 In
341 1516 396 1573 hac
420 1532 489 1573 suus
510 1532 651 1587 quemque
671 1533 772 1574 sensus
793 1517 892 1588 docet,
918 1517 943 1573 si
971 1522 1100 1574 extrema

98 1594 151 1652 illa
171 1592 315 1662 deessent,
341 1592 479 1649 sollicitos
500 1608 552 1651 nos
573 1593 702 1650 abituros
724 1609 787 1651 esse
808 1593 845 1650 de
864 1593 979 1664 Ulysse,
1006 1599 1100 1650 tanta-

100 1686 164 1726 rum
188 1667 390 1726 difficultatum
416 1670 539 1740 victore,
578 1669 809 1741 quandoquidem
837 1670 864 1726 ei
888 1675 950 1725 tum
977 1670 1100 1726 manime

100 1752 294 1803 metueremus
309 1746 509 1816 aparentibus
531 1750 561 1802 et
581 1747 711 1817 cognatis
732 1762 881 1804 caesorum
897 1752 951 1803 108
961 1745 1099 1802 nobilium
1113 1766 1150 1804 137

100 1823 251 1892 iuvenum,
277 1820 334 1878 nisi
354 1824 496 1879 amnestia
516 1828 546 1879 et
564 1839 623 1895 pax
642 1821 726 1880 fieret
746 1823 865 1880 deorum
885 1822 1049 1879 interventu
1070 1829 1099 1879 et

101 1898 200 1956 subita
216 1899 340 2030 pgparff.

180 1974 235 2045 Qui
277 1989 360 2044 ergo,
388 1975 413 2030 si
438 1989 501 2031 eam
527 1975 619 2047 ipsam
646 1980 759 2047 partem
780 1991 843 2032 cum
865 1975 929 2032 aliis
949 1975 1099 2045 nonnullis,

102 2050 205 2121 quibus
225 2050 304 2107 iusta
324 2051 491 2122 compositio
507 2050 648 2108 Carminis
670 2067 770 2108 carere
783 2051 892 2120 nequit,
912 2051 1032 2108 Homeri
1044 2068 1101 2109 non

102 2142 177 2198 esse,
198 2125 250 2183 sed
270 2126 307 2183 ab
328 2127 423 2197 aliquo
443 2128 593 2196 ingenioso
614 2127 759 2198 rhapsodo
780 2127 909 2197 proxime
923 2127 1101 2196 insequentis

102 2204 167 2260 aevi
187 2203 375 2274 compositor,
401 2203 546 2274 omnibus,
574 2219 648 2273 quac
668 2204 699 2258 in
718 2203 807 2260 hocce
828 2218 918 2272 genus
937 2216 1035 2258 rerum
1055 2219 1101 2258 ca-

101 2279 185 2346 dunt,
205 2279 380 2350 argumentis
401 2279 499 2338 doceri
518 2281 634 2351 potest?
656 2279 741 2350 Quid,
762 2280 786 2335 si
806 2278 883 2335 idem
897 2284 995 2350 potest
1010 2278 1046 2334 de
1061 2279 1101 2335 VI

101 2355 256 2428 postremis
275 2355 437 2427 rhapsodiis
457 2356 586 2414 iliados?
606 2355 750 2426 Equidem
765 2361 844 2412 certe
865 2355 1021 2426 quotieain
1035 2372 1100 2413 con-

101 2433 206 2489 tinenti
224 2431 349 2490 lectione
369 2431 406 2489 ad
427 2433 498 2489 istas
519 2438 618 2506 partes
640 2432 750 2504 deveni,
771 2448 924 2503 nunquam
936 2448 993 2489 non
1014 2433 1043 2488 in
1064 2432 1099 2488 iis

101 2509 173 2565 talia
192 2508 335 2578 quaedam
355 2510 441 2580 sensi,
462 2524 545 2580 quae,
565 2511 622 2566 nisi
642 2510 709 2568 illae
729 2517 789 2566 tam
809 2516 921 2566 mature
942 2524 1005 2566 cum
1026 2515 1101 2566 cete·

101 2585 142 2641 ris
163 2584 345 2654 coaluissent,
367 2586 466 2656 quovis
488 2587 609 2658 pignore
630 2586 810 2657 contendam,
832 2585 940 2642 dudum
954 2585 990 2642 ab
1006 2585 1102 2642 crudi·

104 2661 141 2718 tis
163 2660 281 2717 detecta
301 2665 331 2717 et
350 2661 551 2720 animadversa
570 2661 668 2734 fuisse,
689 2664 774 2720 immo
794 2662 886 2718 multa
900 2662 961 2718 eius
976 2662 1100 2732 generis,

102 2743 149 2807 ut,
170 2752 257 2807 quum
276 2753 352 2793 nunc
370 2731 585 2814 Ὁμηρικώτατα
603 2738 779 2809 habeantur,
806 2740 831 2793 si
851 2738 1049 2795 tantummodo
1072 2738 1101 2793 in

102 2813 223 2884 Hymnis
244 2813 418 2884 legerentur,
445 2815 510 2886 ipsa
529 2816 592 2873 sola
612 2831 661 2873 eos
682 2813 891 2886 suspicionibus
914 2812 1029 2875 νοθείας
1052 2812 1101 2869 ad-

101 2904 239 2961 spersura
259 2896 362 2947 essent.
398 2890 455 2948 Sed
475 2891 550 2948 hunc
564 2907 679 2948 sensum
692 2906 787 2946 meum
800 2889 907 2945 nemini
920 2905 973 2960 pro
987 2888 1100 2946 ratione

101 2965 267 3037 venditabo,
289 2967 359 3023 satis
380 2968 461 3038 gravi
480 2983 573 3039 nuper
594 2967 723 3038 exemplo
745 2964 872 3023 edoctus
915 2967 1005 3036 Quem
1027 2965 1101 3021 enim

101 3040 246 3113 Hymnum
272 3043 403 3114 plerique
431 3060 502 3115 prae
528 3045 641 3102 laetitia
664 3042 731 3101 novi
755 3037 874 3117 ἑρμαίου
900 3047 959 3099 tam
980 3041 1101 3098 similem

103 3118 232 3176 Homero
252 3135 338 3188 quam
358 3136 411 3177 ovo
432 3137 515 3177 ovum
536 3120 686 3191 putabant,
708 3134 773 3175 eum
794 3118 844 3174 alii
864 3118 1012 3190 indignum
1027 3122 1101 3186 vate,

101 3200 134 3251 at
153 3195 382 3265 antiquissimum
403 3202 433 3253 et
446 3197 621 3254 Homeridae
632 3196 754 3253 alicuius
767 3192 866 3265 fetum,
886 3193 1103 3251 Pindemontius

101 3270 180 3329 haud
200 3271 327 3343 priorem
345 3272 558 3342 Alexandrinis
578 3273 700 3343 Ignarra
720 3276 870 3327 centonem
883 3270 1101 3329 Moscoviticum

102 3347 238 3419 vocabat,
267 3365 283 3405 e
309 3349 456 3407 Pausania
481 3356 511 3406 et
536 3348 651 3406 aliunde
682 3349 805 3407 corrasis
827 3347 953 3416 antiquis
973 3345 1102 3404 versibus

101 3422 199 3481 infima
219 3421 317 3481 aetate
343 3426 578 3496 conglutinatum.
619 3425 808 3482 Ruhnkenius
835 3423 964 3494 quidem,
994 3423 1104 3494 optima

102 3501 247 3557 sententia
261 3500 348 3574 dicta,
369 3517 426 3573 res,
446 3503 547 3573 inquit,
568 3502 702 3573 aperitis
717 3501 819 3558 sentiri
828 3506 935 3573 potest,
950 3499 1103 3572 imperitis,

921 3599 950 3640 ὃ.
