<?xml version="1.0" encoding="UTF-8"?>
<!DOCTYPE html PUBLIC "-//W3C//DTD XHTML 1.0 Transitional//EN"
    "http://www.w3.org/TR/xhtml1/DTD/xhtml1-transitional.dtd">
<html xmlns="http://www.w3.org/1999/xhtml" xml:lang="en" lang="en">
 <head>
  <title>
</title>
<meta http-equiv="Content-Type" content="text/html;charset=utf-8" />
  <meta name='ocr-system' content='tesseract 3.04.00' />
  <meta name='ocr-capabilities' content='ocr_page ocr_carea ocr_par ocr_line ocrx_word'/>
</head>
<body>
  <div class='ocr_page' id='page_1' title='image "./prolegomenaadho01wolfgoog_0180.png"; bbox 0 0 2482 3960; ppageno 0'>
   <div class='ocr_carea' id='block_1_1' title="bbox 509 305 683 363">
    <p class='ocr_par' dir='ltr' id='par_1_1' title="bbox 509 305 683 363">
     <span class='ocr_line' id='line_1_1' title="bbox 509 305 683 363; baseline -0.006 0"><span class='ocrx_word' id='word_1_1' title='bbox 509 305 683 363; x_wconf 77' lang='lat'><strong>—15&#39;1-</strong></span> 
     </span>
    </p>
   </div>
   <div class='ocr_carea' id='block_1_2' title="bbox 53 457 1139 2590">
    <p class='ocr_par' dir='ltr' id='par_1_2' title="bbox 53 457 1139 2590">
     <span class='ocr_line' id='line_1_2' title="bbox 101 457 1084 532; baseline 0.001 -16"><span class='ocrx_word' id='word_1_2' title='bbox 101 458 179 532; x_wconf 94' lang='lat' dir='ltr'><strong>pulo,</strong></span> <span class='ocrx_word' id='word_1_3' title='bbox 205 457 383 528; x_wconf 84' lang='lat' dir='ltr'><strong>quantumvis</strong></span> <span class='ocrx_word' id='word_1_4' title='bbox 403 463 502 529; x_wconf 89' lang='lat' dir='ltr'><strong>acuto,</strong></span> <span class='ocrx_word' id='word_1_5' title='bbox 528 458 695 529; x_wconf 80' lang='lat' dir='ltr'><strong>contingere</strong></span> <span class='ocrx_word' id='word_1_6' title='bbox 718 473 775 516; x_wconf 94' lang='lat' dir='ltr'><strong>non</strong></span> <span class='ocrx_word' id='word_1_7' title='bbox 793 457 887 515; x_wconf 91' lang='lat' dir='ltr'><strong>solere</strong></span> <span class='ocrx_word' id='word_1_8' title='bbox 906 457 1084 517; x_wconf 88' lang='lat' dir='ltr'><strong>coniunctam</strong></span> 
     </span>
     <span class='ocr_line' id='line_1_3' title="bbox 100 532 1085 607; baseline 0.001 -17"><span class='ocrx_word' id='word_1_9' title='bbox 100 532 202 591; x_wconf 93' lang='lat' dir='ltr'><strong>iudicii</strong></span> <span class='ocrx_word' id='word_1_10' title='bbox 220 532 409 591; x_wconf 78' lang='lat' dir='ltr'><strong>subtilitatem</strong></span> <span class='ocrx_word' id='word_1_11' title='bbox 428 549 492 591; x_wconf 92' lang='lat' dir='ltr'><strong>curn</strong></span> <span class='ocrx_word' id='word_1_12' title='bbox 512 533 607 592; x_wconf 82' lang='lat' dir='ltr'><strong>divium</strong></span> <span class='ocrx_word' id='word_1_13' title='bbox 624 533 732 606; x_wconf 82' lang='lat' dir='ltr'><strong>ingenii</strong></span> <span class='ocrx_word' id='word_1_14' title='bbox 751 533 779 591; x_wconf 87' lang='lat' dir='ltr'><strong>vi</strong></span> <span class='ocrx_word' id='word_1_15' title='bbox 798 549 833 591; x_wconf 91' lang='lat' dir='ltr'><strong>ac</strong></span> <span class='ocrx_word' id='word_1_16' title='bbox 851 532 1005 607; x_wconf 53' lang='lat' dir='ltr'><strong>spiritum),</strong></span> <span class='ocrx_word' id='word_1_17' title='bbox 1025 535 1085 593; x_wconf 93' lang='lat' dir='ltr'><strong>ubi-</strong></span> 
     </span>
     <span class='ocr_line' id='line_1_4' title="bbox 100 607 1084 683; baseline 0.002 -15"><span class='ocrx_word' id='word_1_18' title='bbox 100 625 158 683; x_wconf 85' lang='lat' dir='ltr'><strong>que</strong></span> <span class='ocrx_word' id='word_1_19' title='bbox 176 614 258 668; x_wconf 81' lang='lat' dir='ltr'><strong>vates</strong></span> <span class='ocrx_word' id='word_1_20' title='bbox 277 607 365 667; x_wconf 89' lang='lat' dir='ltr'><strong>fuisse</strong></span> <span class='ocrx_word' id='word_1_21' title='bbox 385 610 547 682; x_wconf 80' lang='lat' dir='ltr'><strong>ingeniosos</strong></span> <span class='ocrx_word' id='word_1_22' title='bbox 567 616 634 669; x_wconf 88' lang='lat' dir='ltr'><strong>aute</strong></span> <span class='ocrx_word' id='word_1_23' title='bbox 653 616 745 671; x_wconf 87' lang='lat' dir='ltr'><strong>artem</strong></span> <span class='ocrx_word' id='word_1_24' title='bbox 759 610 903 669; x_wconf 84' lang='lat' dir='ltr'><strong>sollertius</strong></span> <span class='ocrx_word' id='word_1_25' title='bbox 916 611 1084 683; x_wconf 78' lang='lat' dir='ltr'><strong>perculiam,</strong></span> 
     </span>
     <span class='ocr_line' id='line_1_5' title="bbox 100 685 1085 759; baseline 0 -13"><span class='ocrx_word' id='word_1_26' title='bbox 100 691 189 758; x_wconf 76' lang='lat' dir='ltr'><strong>atoue</strong></span> <span class='ocrx_word' id='word_1_27' title='bbox 213 685 286 744; x_wconf 90' lang='lat' dir='ltr'><strong>adeo</strong></span> <span class='ocrx_word' id='word_1_28' title='bbox 309 686 463 758; x_wconf 87' lang='lat' dir='ltr'><strong>plurimum</strong></span> <span class='ocrx_word' id='word_1_29' title='bbox 489 687 627 759; x_wconf 90' lang='lat' dir='ltr'><strong>polluisse</strong></span> <span class='ocrx_word' id='word_1_30' title='bbox 651 687 714 744; x_wconf 86' lang='lat' dir='ltr'><strong>siue</strong></span> <span class='ocrx_word' id='word_1_31' title='bbox 739 686 797 745; x_wconf 87' lang='lat' dir='ltr'><strong>illa.</strong></span> <span class='ocrx_word' id='word_1_32' title='bbox 835 686 910 745; x_wconf 81' lang='lat' dir='ltr'><strong>Nolo</strong></span> <span class='ocrx_word' id='word_1_33' title='bbox 929 687 1085 746; x_wconf 85' lang='lat' dir='ltr'>Homerum</span> 
     </span>
     <span class='ocr_line' id='line_1_6' title="bbox 100 761 1086 836; baseline 0.002 -16"><span class='ocrx_word' id='word_1_34' title='bbox 100 763 121 820; x_wconf 92' lang='grc'><strong>1.</strong></span> <span class='ocrx_word' id='word_1_35' title='bbox 139 778 167 823; x_wconf 85' lang='lat' dir='ltr'><strong>e.</strong></span> <span class='ocrx_word' id='word_1_36' title='bbox 187 762 305 833; x_wconf 89' lang='lat' dir='ltr'><strong>antiqua</strong></span> <span class='ocrx_word' id='word_1_37' title='bbox 319 761 451 822; x_wconf 80' lang='lat' dir='ltr'><strong>Carmina</strong></span> <span class='ocrx_word' id='word_1_38' title='bbox 468 763 568 822; x_wconf 90' lang='lat' dir='ltr'><strong>Ionum</strong></span> <span class='ocrx_word' id='word_1_39' title='bbox 587 779 754 836; x_wconf 87' lang='lat' dir='ltr'><strong>comparare</strong></span> <span class='ocrx_word' id='word_1_40' title='bbox 775 779 838 820; x_wconf 93' lang='lat' dir='ltr'><strong>cum</strong></span> <span class='ocrx_word' id='word_1_41' title='bbox 852 762 1086 823; x_wconf 67' lang='grc'><strong>0111110111-</strong></span> 
     </span>
     <span class='ocr_line' id='line_1_7' title="bbox 100 837 1087 911; baseline 0.001 -14"><span class='ocrx_word' id='word_1_42' title='bbox 100 839 184 899; x_wconf 89' lang='lat' dir='ltr'><strong>nibus</strong></span> <span class='ocrx_word' id='word_1_43' title='bbox 204 838 334 911; x_wconf 79' lang='lat' dir='ltr'><strong>celticis,</strong></span> <span class='ocrx_word' id='word_1_44' title='bbox 358 855 432 911; x_wconf 88' lang='lat' dir='ltr'><strong>quae</strong></span> <span class='ocrx_word' id='word_1_45' title='bbox 455 845 552 898; x_wconf 89' lang='lat' dir='ltr'><strong>tamen</strong></span> <span class='ocrx_word' id='word_1_46' title='bbox 575 855 628 898; x_wconf 90' lang='lat' dir='ltr'><strong>nec</strong></span> <span class='ocrx_word' id='word_1_47' title='bbox 650 840 733 897; x_wconf 89' lang='lat' dir='ltr'><strong>unius</strong></span> <span class='ocrx_word' id='word_1_48' title='bbox 757 838 862 898; x_wconf 86' lang='lat' dir='ltr'><strong>aetatis</strong></span> <span class='ocrx_word' id='word_1_49' title='bbox 884 837 943 897; x_wconf 88' lang='lat' dir='ltr'><strong>&#39;nec</strong></span> <span class='ocrx_word' id='word_1_50' title='bbox 963 840 1087 911; x_wconf 79' lang='lat' dir='ltr'><strong>genuina</strong></span> 
     </span>
     <span class='ocr_line' id='line_1_8' title="bbox 100 914 1085 989; baseline -0.002 -14"><span class='ocrx_word' id='word_1_51' title='bbox 100 914 183 975; x_wconf 91' lang='lat' dir='ltr'><strong>nohis</strong></span> <span class='ocrx_word' id='word_1_52' title='bbox 208 914 317 973; x_wconf 87' lang='lat' dir='ltr'><strong>tradita</strong></span> <span class='ocrx_word' id='word_1_53' title='bbox 341 932 405 974; x_wconf 90' lang='lat' dir='ltr'><strong>esse</strong></span> <span class='ocrx_word' id='word_1_54' title='bbox 432 921 516 989; x_wconf 88' lang='lat' dir='ltr'><strong>puto:</strong></span> <span class='ocrx_word' id='word_1_55' title='bbox 556 915 609 974; x_wconf 87' lang='lat' dir='ltr'><strong>sed</strong></span> <span class='ocrx_word' id='word_1_56' title='bbox 634 916 671 974; x_wconf 90' lang='lat' dir='ltr'><strong>de</strong></span> <span class='ocrx_word' id='word_1_57' title='bbox 689 915 805 974; x_wconf 88' lang='lat' dir='ltr'><strong>Ariosto</strong></span> <span class='ocrx_word' id='word_1_58' title='bbox 826 921 856 973; x_wconf 90' lang='lat' dir='ltr'><strong>et</strong></span> <span class='ocrx_word' id='word_1_59' title='bbox 876 915 1085 989; x_wconf 86' lang='lat' dir='ltr'><strong>Shahespeario</strong></span> 
     </span>
     <span class='ocr_line' id='line_1_9' title="bbox 100 991 1086 1064; baseline 0 -14"><span class='ocrx_word' id='word_1_60' title='bbox 100 1006 185 1051; x_wconf 89' lang='lat' dir='ltr'><strong>nemo</strong></span> <span class='ocrx_word' id='word_1_61' title='bbox 204 992 246 1050; x_wconf 87' lang='lat' dir='ltr'><strong>ita</strong></span> <span class='ocrx_word' id='word_1_62' title='bbox 265 992 397 1064; x_wconf 81' lang='lat' dir='ltr'><strong>senserit,</strong></span> <span class='ocrx_word' id='word_1_63' title='bbox 416 999 449 1050; x_wconf 90' lang='lat' dir='ltr'><strong>ut</strong></span> <span class='ocrx_word' id='word_1_64' title='bbox 467 1008 518 1052; x_wconf 90' lang='lat' dir='ltr'><strong>eos</strong></span> <span class='ocrx_word' id='word_1_65' title='bbox 537 1009 601 1051; x_wconf 90' lang='lat' dir='ltr'><strong>cum</strong></span> <span class='ocrx_word' id='word_1_66' title='bbox 620 993 736 1064; x_wconf 78' lang='lat' dir='ltr'><strong>iugenio</strong></span> <span class='ocrx_word' id='word_1_67' title='bbox 756 997 786 1051; x_wconf 91' lang='lat' dir='ltr'><strong>et</strong></span> <span class='ocrx_word' id='word_1_68' title='bbox 805 997 868 1050; x_wconf 89' lang='lat' dir='ltr'><strong>arte</strong></span> <span class='ocrx_word' id='word_1_69' title='bbox 881 991 999 1050; x_wconf 87' lang='lat' dir='ltr'><strong>Homeri</strong></span> <span class='ocrx_word' id='word_1_70' title='bbox 1012 1009 1086 1051; x_wconf 92' lang='lat' dir='ltr'><strong>conr-</strong></span> 
     </span>
     <span class='ocr_line' id='line_1_10' title="bbox 100 1067 1086 1142; baseline -0.001 -15"><span class='ocrx_word' id='word_1_71' title='bbox 100 1067 245 1142; x_wconf 90' lang='lat' dir='ltr'><strong>parandos</strong></span> <span class='ocrx_word' id='word_1_72' title='bbox 265 1074 361 1140; x_wconf 78' lang='lat' dir='ltr'><strong>neget.</strong></span> <span class='ocrx_word' id='word_1_73' title='bbox 398 1073 439 1127; x_wconf 90' lang='lat' dir='ltr'><strong>At</strong></span> <span class='ocrx_word' id='word_1_74' title='bbox 457 1085 548 1128; x_wconf 91' lang='lat' dir='ltr'><strong>nonne</strong></span> <span class='ocrx_word' id='word_1_75' title='bbox 568 1069 598 1127; x_wconf 92' lang='lat' dir='ltr'><strong>iu</strong></span> <span class='ocrx_word' id='word_1_76' title='bbox 616 1069 661 1127; x_wconf 92' lang='lat' dir='ltr'><strong>his</strong></span> <span class='ocrx_word' id='word_1_77' title='bbox 679 1069 771 1127; x_wconf 87' lang='lat' dir='ltr'><strong>multa</strong></span> <span class='ocrx_word' id='word_1_78' title='bbox 790 1073 865 1140; x_wconf 87' lang='lat' dir='ltr'><strong>sunt,</strong></span> <span class='ocrx_word' id='word_1_79' title='bbox 884 1084 958 1138; x_wconf 88' lang='lat' dir='ltr'><strong>quae</strong></span> <span class='ocrx_word' id='word_1_80' title='bbox 970 1068 1086 1126; x_wconf 89' lang='lat' dir='ltr'><strong>Lessin-</strong></span> 
     </span>
     <span class='ocr_line' id='line_1_11' title="bbox 99 1143 1086 1218; baseline 0.002 -16"><span class='ocrx_word' id='word_1_81' title='bbox 99 1144 181 1218; x_wconf 73' lang='lat' dir='ltr'><strong>gins,</strong></span> <span class='ocrx_word' id='word_1_82' title='bbox 205 1143 389 1218; x_wconf 80' lang='lat' dir='ltr'><strong>Wielandus,</strong></span> <span class='ocrx_word' id='word_1_83' title='bbox 412 1145 530 1204; x_wconf 76' lang='lat' dir='ltr'><strong>Vossius</strong></span> <span class='ocrx_word' id='word_1_84' title='bbox 558 1144 696 1204; x_wconf 89' lang='lat' dir='ltr'><strong>mutanda</strong></span> <span class='ocrx_word' id='word_1_85' title='bbox 720 1150 751 1202; x_wconf 90' lang='lat' dir='ltr'><strong>et</strong></span> <span class='ocrx_word' id='word_1_86' title='bbox 768 1144 924 1202; x_wconf 86' lang='lat' dir='ltr'><strong>recidenda</strong></span> <span class='ocrx_word' id='word_1_87' title='bbox 942 1151 1086 1216; x_wconf 87' lang='lat' dir='ltr'><strong>putarent,</strong></span> 
     </span>
     <span class='ocr_line' id='line_1_12' title="bbox 101 1219 1087 1293; baseline -0.001 -13"><span class='ocrx_word' id='word_1_88' title='bbox 101 1220 275 1280; x_wconf 83' lang='lat' dir='ltr'><strong>aioriticam</strong></span> <span class='ocrx_word' id='word_1_89' title='bbox 293 1219 390 1280; x_wconf 83' lang='lat' dir='ltr'><strong>facere</strong></span> <span class='ocrx_word' id='word_1_90' title='bbox 402 1222 509 1280; x_wconf 81' lang='lat' dir='ltr'><strong>vellent</strong></span> <span class='ocrx_word' id='word_1_91' title='bbox 528 1221 566 1280; x_wconf 89' lang='lat' dir='ltr'><strong>ad</strong></span> <span class='ocrx_word' id='word_1_92' title='bbox 586 1221 761 1280; x_wconf 84' lang='lat' dir='ltr'><strong>Graecorum</strong></span> <span class='ocrx_word' id='word_1_93' title='bbox 783 1221 910 1279; x_wconf 82' lang='lat' dir='ltr'><strong>morem?</strong></span> <span class='ocrx_word' id='word_1_94' title='bbox 941 1220 1036 1293; x_wconf 68' lang='lat' dir='ltr'><strong>Quid?</strong></span> <span class='ocrx_word' id='word_1_95' title='bbox 1062 1222 1087 1278; x_wconf 91' lang='lat' dir='ltr'><strong>si</strong></span> 
     </span>
     <span class='ocr_line' id='line_1_13' title="bbox 103 1295 1090 1371; baseline 0 -16"><span class='ocrx_word' id='word_1_96' title='bbox 103 1295 233 1357; x_wconf 78' lang='lat' dir='ltr'><strong>dirersm</strong></span> <span class='ocrx_word' id='word_1_97' title='bbox 245 1298 358 1356; x_wconf 90' lang='lat' dir='ltr'><strong>illorum</strong></span> <span class='ocrx_word' id='word_1_98' title='bbox 371 1303 520 1370; x_wconf 76' lang='lat' dir='ltr'><strong>poetarum</strong></span> <span class='ocrx_word' id='word_1_99' title='bbox 534 1304 564 1357; x_wconf 92' lang='lat' dir='ltr'><strong>et</strong></span> <span class='ocrx_word' id='word_1_100' title='bbox 576 1298 773 1371; x_wconf 75' lang='lat' dir='ltr'><strong>discrepantes</strong></span> <span class='ocrx_word' id='word_1_101' title='bbox 784 1296 899 1356; x_wconf 90' lang='lat' dir='ltr'><strong>codices</strong></span> <span class='ocrx_word' id='word_1_102' title='bbox 911 1297 1090 1369; x_wconf 89' lang='lat' dir='ltr'><strong>haberemus,</strong></span> 
     </span>
     <span class='ocr_line' id='line_1_14' title="bbox 100 1372 1084 1435; baseline -0.001 -2"><span class='ocrx_word' id='word_1_103' title='bbox 100 1388 194 1433; x_wconf 89' lang='lat' dir='ltr'><strong>nonne</strong></span> <span class='ocrx_word' id='word_1_104' title='bbox 218 1373 249 1431; x_wconf 91' lang='lat' dir='ltr'><strong>id</strong></span> <span class='ocrx_word' id='word_1_105' title='bbox 273 1374 320 1432; x_wconf 84' lang='lat' dir='ltr'><strong>rel</strong></span> <span class='ocrx_word' id='word_1_106' title='bbox 345 1391 482 1433; x_wconf 89' lang='lat' dir='ltr'><strong>summam</strong></span> <span class='ocrx_word' id='word_1_107' title='bbox 505 1375 676 1435; x_wconf 85' lang='lat' dir='ltr'><strong>modestiam</strong></span> <span class='ocrx_word' id='word_1_108' title='bbox 695 1374 759 1433; x_wconf 85' lang='lat' dir='ltr'><strong>aevi</strong></span> <span class='ocrx_word' id='word_1_109' title='bbox 778 1373 868 1432; x_wconf 81' lang='lat' dir='ltr'><strong>nostri</strong></span> <span class='ocrx_word' id='word_1_110' title='bbox 887 1372 925 1432; x_wconf 88' lang='lat' dir='ltr'><strong>ed</strong></span> <span class='ocrx_word' id='word_1_111' title='bbox 945 1373 1084 1432; x_wconf 81' lang='lat' dir='ltr'><strong>Graecam</strong></span> 
     </span>
     <span class='ocr_line' id='line_1_15' title="bbox 96 1448 1082 1523; baseline 0.001 -16"><span class='ocrx_word' id='word_1_112' title='bbox 96 1448 253 1509; x_wconf 79' lang='lat' dir='ltr'><strong>‚audaciam</strong></span> <span class='ocrx_word' id='word_1_113' title='bbox 270 1450 425 1509; x_wconf 79' lang='lat' dir='ltr'><strong>invitaret?</strong></span> <span class='ocrx_word' id='word_1_114' title='bbox 446 1451 521 1523; x_wconf 73' lang='lat' dir='ltr'><strong>Quid</strong></span> <span class='ocrx_word' id='word_1_115' title='bbox 540 1451 633 1510; x_wconf 79' lang='lat' dir='ltr'><strong>adeo?</strong></span> <span class='ocrx_word' id='word_1_116' title='bbox 653 1450 678 1508; x_wconf 92' lang='lat' dir='ltr'><strong>si</strong></span> <span class='ocrx_word' id='word_1_117' title='bbox 692 1467 708 1508; x_wconf 90' lang='lat' dir='ltr'><strong>e</strong></span> <span class='ocrx_word' id='word_1_118' title='bbox 721 1449 900 1509; x_wconf 80' lang='lat' dir='ltr'><strong>discordibus</strong></span> <span class='ocrx_word' id='word_1_119' title='bbox 913 1450 1082 1509; x_wconf 89' lang='lat' dir='ltr'><strong>testimoniis</strong></span> 
     </span>
     <span class='ocr_line' id='line_1_16' title="bbox 102 1525 1082 1599; baseline -0.002 -13"><span class='ocrx_word' id='word_1_120' title='bbox 102 1531 250 1586; x_wconf 88' lang='lat' dir='ltr'><strong>cantorum</strong></span> <span class='ocrx_word' id='word_1_121' title='bbox 274 1532 305 1584; x_wconf 89' lang='lat' dir='ltr'><strong>et</strong></span> <span class='ocrx_word' id='word_1_122' title='bbox 335 1527 515 1588; x_wconf 88' lang='lat' dir='ltr'><strong>librariorum</strong></span> <span class='ocrx_word' id='word_1_123' title='bbox 534 1527 717 1586; x_wconf 78' lang='lat' dir='ltr'><strong>Aristarchus</strong></span> <span class='ocrx_word' id='word_1_124' title='bbox 745 1542 781 1584; x_wconf 94' lang='lat' dir='ltr'><strong>ue</strong></span> <span class='ocrx_word' id='word_1_125' title='bbox 805 1531 941 1599; x_wconf 87' lang='lat' dir='ltr'><strong>potuerat</strong></span> <span class='ocrx_word' id='word_1_126' title='bbox 959 1525 1082 1597; x_wconf 81' lang='lat' dir='ltr'><strong>quidem,</strong></span> 
     </span>
     <span class='ocr_line' id='line_1_17' title="bbox 102 1601 1082 1676; baseline -0.001 -15"><span class='ocrx_word' id='word_1_127' title='bbox 102 1603 231 1675; x_wconf 83' lang='lat' dir='ltr'><strong>quamvis</strong></span> <span class='ocrx_word' id='word_1_128' title='bbox 250 1603 394 1670; x_wconf 86' lang='lat' dir='ltr'><strong>voluisset,</strong></span> <span class='ocrx_word' id='word_1_129' title='bbox 415 1619 506 1676; x_wconf 88' lang='lat' dir='ltr'><strong>eoque</strong></span> <span class='ocrx_word' id='word_1_130' title='bbox 524 1605 607 1662; x_wconf 90' lang='lat' dir='ltr'><strong>unice</strong></span> <span class='ocrx_word' id='word_1_131' title='bbox 629 1604 753 1661; x_wconf 88' lang='lat' dir='ltr'><strong>animum</strong></span> <span class='ocrx_word' id='word_1_132' title='bbox 772 1601 952 1674; x_wconf 90' lang='lat' dir='ltr'><strong>intendisset,</strong></span> <span class='ocrx_word' id='word_1_133' title='bbox 972 1619 1082 1675; x_wconf 81' lang='lat' dir='ltr'><strong>germa-</strong></span> 
     </span>
     <span class='ocr_line' id='line_1_18' title="bbox 101 1675 1139 1753; baseline 0 -17"><span class='ocrx_word' id='word_1_134' title='bbox 101 1694 171 1737; x_wconf 90' lang='lat' dir='ltr'><strong>num</strong></span> <span class='ocrx_word' id='word_1_135' title='bbox 190 1683 228 1751; x_wconf 86' lang='lat' dir='ltr'><strong>et,</strong></span> <span class='ocrx_word' id='word_1_136' title='bbox 248 1684 281 1736; x_wconf 90' lang='lat' dir='ltr'><strong>nt</strong></span> <span class='ocrx_word' id='word_1_137' title='bbox 298 1680 340 1738; x_wconf 89' lang='lat' dir='ltr'><strong>ita</strong></span> <span class='ocrx_word' id='word_1_138' title='bbox 359 1678 461 1753; x_wconf 89' lang='lat' dir='ltr'><strong>dicam,</strong></span> <span class='ocrx_word' id='word_1_139' title='bbox 480 1680 680 1752; x_wconf 84' lang='lat' dir='ltr'><strong>primigenium</strong></span> <span class='ocrx_word' id='word_1_140' title='bbox 699 1675 795 1736; x_wconf 81' lang='grc' dir='ltr'><strong><em>ἀοιδὸν</em></strong></span> <span class='ocrx_word' id='word_1_141' title='bbox 814 1677 966 1749; x_wconf 83' lang='lat' dir='ltr'><strong>reducere3</strong></span> <span class='ocrx_word' id='word_1_142' title='bbox 996 1695 1083 1750; x_wconf 89' lang='lat' dir='ltr'><strong>quan-</strong></span> <span class='ocrx_word' id='word_1_143' title='bbox 1100 1706 1139 1746; x_wconf 62' lang='lat'><strong>25⁶</strong></span> 
     </span>
     <span class='ocr_line' id='line_1_19' title="bbox 102 1754 1083 1829; baseline 0 -16"><span class='ocrx_word' id='word_1_144' title='bbox 102 1754 264 1827; x_wconf 89' lang='lat' dir='ltr'><strong>doquidem,</strong></span> <span class='ocrx_word' id='word_1_145' title='bbox 289 1756 358 1828; x_wconf 83' lang='lat' dir='ltr'><strong>quid</strong></span> <span class='ocrx_word' id='word_1_146' title='bbox 376 1757 453 1815; x_wconf 87' lang='lat' dir='ltr'><strong>inter</strong></span> <span class='ocrx_word' id='word_1_147' title='bbox 470 1756 546 1814; x_wconf 90' lang='lat' dir='ltr'><strong>hunc</strong></span> <span class='ocrx_word' id='word_1_148' title='bbox 565 1763 596 1815; x_wconf 87' lang='lat' dir='ltr'><strong>et</strong></span> <span class='ocrx_word' id='word_1_149' title='bbox 621 1756 768 1829; x_wconf 80' lang='lat' dir='ltr'><strong>egregium</strong></span> <span class='ocrx_word' id='word_1_150' title='bbox 787 1754 972 1828; x_wconf 90' lang='lat' dir='ltr'><strong>rhapsodum,</strong></span> <span class='ocrx_word' id='word_1_151' title='bbox 997 1760 1083 1826; x_wconf 90' lang='lat' dir='ltr'><strong>atque</strong></span> 
     </span>
     <span class='ocr_line' id='line_1_20' title="bbox 100 1832 1084 1906; baseline -0.001 -16"><span class='ocrx_word' id='word_1_152' title='bbox 100 1847 209 1905; x_wconf 88' lang='lat' dir='ltr'><strong>rursus,</strong></span> <span class='ocrx_word' id='word_1_153' title='bbox 228 1832 298 1904; x_wconf 87' lang='lat' dir='ltr'><strong>quid</strong></span> <span class='ocrx_word' id='word_1_154' title='bbox 316 1834 392 1891; x_wconf 89' lang='lat' dir='ltr'><strong>inter</strong></span> <span class='ocrx_word' id='word_1_155' title='bbox 409 1832 584 1906; x_wconf 85' lang='lat' dir='ltr'><strong>rhapsodum</strong></span> <span class='ocrx_word' id='word_1_156' title='bbox 603 1832 741 1893; x_wconf 89' lang='lat' dir='ltr'><strong>mediocri</strong></span> <span class='ocrx_word' id='word_1_157' title='bbox 759 1833 873 1904; x_wconf 81' lang='lat' dir='ltr'><strong>ingenio</strong></span> <span class='ocrx_word' id='word_1_158' title='bbox 887 1837 917 1891; x_wconf 89' lang='lat' dir='ltr'><strong>et</strong></span> <span class='ocrx_word' id='word_1_159' title='bbox 928 1832 1084 1891; x_wconf 89' lang='lat' dir='ltr'><strong>Homerum</strong></span> 
     </span>
     <span class='ocr_line' id='line_1_21' title="bbox 101 1908 1084 1980; baseline -0.001 -13"><span class='ocrx_word' id='word_1_160' title='bbox 101 1909 304 1968; x_wconf 89' lang='lat' dir='ltr'><strong>dormitantem</strong></span> <span class='ocrx_word' id='word_1_161' title='bbox 327 1909 449 1968; x_wconf 87' lang='lat' dir='ltr'><strong>subinde</strong></span> <span class='ocrx_word' id='word_1_162' title='bbox 473 1914 504 1968; x_wconf 90' lang='lat' dir='ltr'><strong>et</strong></span> <span class='ocrx_word' id='word_1_163' title='bbox 529 1927 580 1969; x_wconf 90' lang='lat' dir='ltr'><strong>suo</strong></span> <span class='ocrx_word' id='word_1_164' title='bbox 604 1910 770 1968; x_wconf 86' lang='lat' dir='ltr'><strong>abutentem</strong></span> <span class='ocrx_word' id='word_1_165' title='bbox 788 1908 903 1980; x_wconf 82' lang='lat' dir='ltr'><strong>iugenio</strong></span> <span class='ocrx_word' id='word_1_166' title='bbox 921 1909 1084 1980; x_wconf 87' lang='lat' dir='ltr'><strong>interesset,</strong></span> 
     </span>
     <span class='ocr_line' id='line_1_22' title="bbox 102 1985 895 2059; baseline -0.003 -16"><span class='ocrx_word' id='word_1_167' title='bbox 102 1985 183 2043; x_wconf 85' lang='lat' dir='ltr'><strong>nulla</strong></span> <span class='ocrx_word' id='word_1_168' title='bbox 200 1985 320 2045; x_wconf 92' lang='lat' dir='ltr'><strong>hominis</strong></span> <span class='ocrx_word' id='word_1_169' title='bbox 339 1986 499 2059; x_wconf 82' lang='lat' dir='ltr'><strong>sagacitate</strong></span> <span class='ocrx_word' id='word_1_170' title='bbox 516 1985 647 2058; x_wconf 79' lang='lat' dir='ltr'><strong>dignosci</strong></span> <span class='ocrx_word' id='word_1_171' title='bbox 666 1985 769 2059; x_wconf 85' lang='lat' dir='ltr'><strong>potnit.</strong></span> <span class='ocrx_word' id='word_1_172' title='bbox 893 1989 895 1994; x_wconf 82' lang='grc'><em>“</em></span> 
     </span>
     <span class='ocr_line' id='line_1_23' title="bbox 181 2058 1088 2139; baseline -0.002 -19"><span class='ocrx_word' id='word_1_173' title='bbox 181 2061 229 2121; x_wconf 86' lang='lat' dir='ltr'><strong>Sic</strong></span> <span class='ocrx_word' id='word_1_174' title='bbox 248 2062 371 2135; x_wconf 88' lang='lat' dir='ltr'><strong>denique</strong></span> <span class='ocrx_word' id='word_1_175' title='bbox 390 2068 526 2136; x_wconf 88' lang='lat' dir='ltr'><strong>apparet,</strong></span> <span class='ocrx_word' id='word_1_176' title='bbox 553 2078 638 2135; x_wconf 84' lang='lat' dir='ltr'><strong>quam</strong></span> <span class='ocrx_word' id='word_1_177' title='bbox 661 2077 768 2133; x_wconf 88' lang='lat' dir='ltr'><strong>auceps</strong></span> <span class='ocrx_word' id='word_1_178' title='bbox 789 2060 912 2139; x_wconf 84' lang='lat' dir='ltr'><strong>conditio</strong></span> <span class='ocrx_word' id='word_1_179' title='bbox 937 2061 982 2118; x_wconf 87' lang='lat' dir='ltr'><strong>rei</strong></span> <span class='ocrx_word' id='word_1_180' title='bbox 1000 2058 1088 2127; x_wconf 81' lang='lat' dir='ltr'><strong>fuerit</strong></span> 
     </span>
     <span class='ocr_line' id='line_1_24' title="bbox 53 2137 1088 2217; baseline -0.005 -20"><span class='ocrx_word' id='word_1_181' title='bbox 53 2210 63 2217; x_wconf 39' lang='grc'>,</span> <span class='ocrx_word' id='word_1_182' title='bbox 103 2142 176 2208; x_wconf 83' lang='lat' dir='ltr'><strong>tum,</strong></span> <span class='ocrx_word' id='word_1_183' title='bbox 195 2153 281 2210; x_wconf 86' lang='lat' dir='ltr'><strong>quum</strong></span> <span class='ocrx_word' id='word_1_184' title='bbox 294 2138 476 2197; x_wconf 78' lang='lat' dir='ltr'><strong>Aristarchus</strong></span> <span class='ocrx_word' id='word_1_185' title='bbox 489 2139 614 2198; x_wconf 90' lang='lat' dir='ltr'><strong>Homero</strong></span> <span class='ocrx_word' id='word_1_186' title='bbox 634 2153 771 2196; x_wconf 88' lang='lat' dir='ltr'><strong>summam</strong></span> <span class='ocrx_word' id='word_1_187' title='bbox 788 2153 904 2194; x_wconf 90' lang='lat' dir='ltr'><strong>manum</strong></span> <span class='ocrx_word' id='word_1_188' title='bbox 921 2137 1088 2209; x_wconf 90' lang='lat' dir='ltr'><strong>imponeret.</strong></span> 
     </span>
     <span class='ocr_line' id='line_1_25' title="bbox 99 2210 1090 2285; baseline -0.007 -12"><span class='ocrx_word' id='word_1_189' title='bbox 99 2210 246 2274; x_wconf 72' lang='lat' dir='ltr'><strong>Videlicet</strong></span> <span class='ocrx_word' id='word_1_190' title='bbox 268 2215 343 2273; x_wconf 84' lang='lat' dir='ltr'><strong>hunc</strong></span> <span class='ocrx_word' id='word_1_191' title='bbox 368 2215 504 2274; x_wconf 75' lang='lat' dir='ltr'><strong>criticum</strong></span> <span class='ocrx_word' id='word_1_192' title='bbox 529 2216 673 2271; x_wconf 78' lang='lat' dir='ltr'><strong>obsolc&#39;me</strong></span> <span class='ocrx_word' id='word_1_193' title='bbox 702 2216 806 2269; x_wconf 70' lang='grc'><strong>11111111</strong></span> <span class='ocrx_word' id='word_1_194' title='bbox 836 2216 904 2269; x_wconf 80' lang='lat' dir='ltr'><strong>hoco</strong></span> <span class='ocrx_word' id='word_1_195' title='bbox 928 2215 1044 2285; x_wconf 77' lang='lat' dir='ltr'><strong>politam</strong></span> <span class='ocrx_word' id='word_1_196' title='bbox 1066 2222 1090 2267; x_wconf 85' lang='lat' dir='ltr'><strong>et</strong></span> 
     </span>
     <span class='ocr_line' id='line_1_26' title="bbox 100 2285 1088 2369; baseline -0.004 -22"><span class='ocrx_word' id='word_1_197' title='bbox 100 2293 258 2347; x_wconf 71' lang='lat' dir='ltr'><strong>caedmon</strong></span> <span class='ocrx_word' id='word_1_198' title='bbox 276 2287 475 2369; x_wconf 68' lang='grc' dir='ltr'><strong><em>διασκευὴν</em></strong></span> <span class='ocrx_word' id='word_1_199' title='bbox 493 2285 651 2368; x_wconf 68' lang='grc' dir='ltr'><strong><em>Ὁμηρικήν,</em></strong></span> <span class='ocrx_word' id='word_1_200' title='bbox 674 2292 705 2346; x_wconf 80' lang='lat' dir='ltr'><strong>r&#39;a</strong></span> <span class='ocrx_word' id='word_1_201' title='bbox 723 2308 777 2361; x_wconf 76' lang='lat' dir='ltr'><strong>qao</strong></span> <span class='ocrx_word' id='word_1_202' title='bbox 795 2309 842 2345; x_wconf 79' lang='lat' dir='ltr'><strong>eoo</strong></span> <span class='ocrx_word' id='word_1_203' title='bbox 859 2291 973 2344; x_wconf 66' lang='lat' dir='ltr'><strong>mediam</strong></span> <span class='ocrx_word' id='word_1_204' title='bbox 988 2291 1088 2361; x_wconf 69' lang='lat' dir='ltr'><strong>primo,</strong></span> 
     </span>
     <span class='ocr_line' id='line_1_27' title="bbox 98 2362 1089 2440; baseline -0.001 -17"><span class='ocrx_word' id='word_1_205' title='bbox 98 2384 149 2423; x_wconf 73' lang='lat' dir='ltr'><strong>aar</strong></span> <span class='ocrx_word' id='word_1_206' title='bbox 170 2369 255 2425; x_wconf 73' lang='lat' dir='ltr'><strong>imma</strong></span> <span class='ocrx_word' id='word_1_207' title='bbox 281 2370 415 2438; x_wconf 64' lang='lat' dir='ltr'><strong>mamper</strong></span> <span class='ocrx_word' id='word_1_208' title='bbox 439 2369 538 2440; x_wconf 59' lang='lat' dir='ltr'><strong>mdia,</strong></span> <span class='ocrx_word' id='word_1_209' title='bbox 565 2366 743 2439; x_wconf 85' lang='lat' dir='ltr'><strong>eundemque</strong></span> <span class='ocrx_word' id='word_1_210' title='bbox 766 2362 889 2424; x_wconf 82' lang='lat' dir='ltr'><strong>fortasse</strong></span> <span class='ocrx_word' id='word_1_211' title='bbox 909 2364 982 2423; x_wconf 89' lang='lat' dir='ltr'><strong>haec</strong></span> <span class='ocrx_word' id='word_1_212' title='bbox 1000 2380 1089 2438; x_wconf 89' lang='lat' dir='ltr'><strong>opera</strong></span> 
     </span>
     <span class='ocr_line' id='line_1_28' title="bbox 101 2441 1089 2517; baseline -0.003 -16"><span class='ocrx_word' id='word_1_213' title='bbox 101 2441 159 2502; x_wconf 88' lang='lat' dir='ltr'><strong>dno</strong></span> <span class='ocrx_word' id='word_1_214' title='bbox 172 2442 203 2501; x_wconf 93' lang='lat' dir='ltr'><strong>in</strong></span> <span class='ocrx_word' id='word_1_215' title='bbox 215 2443 277 2516; x_wconf 87' lang='lat' dir='ltr'><strong>has,</strong></span> <span class='ocrx_word' id='word_1_216' title='bbox 290 2458 365 2516; x_wconf 86' lang='lat' dir='ltr'><strong>quae</strong></span> <span class='ocrx_word' id='word_1_217' title='bbox 376 2460 452 2502; x_wconf 91' lang='lat' dir='ltr'><strong>nunc</strong></span> <span class='ocrx_word' id='word_1_218' title='bbox 463 2449 657 2516; x_wconf 85' lang='lat' dir='ltr'><strong>numerantur,</strong></span> <span class='ocrx_word' id='word_1_219' title='bbox 670 2441 839 2517; x_wconf 85' lang='lat' dir='ltr'><strong>rhapsodias</strong></span> <span class='ocrx_word' id='word_1_220' title='bbox 853 2441 993 2511; x_wconf 88' lang='lat' dir='ltr'><strong>divisisse,</strong></span> <span class='ocrx_word' id='word_1_221' title='bbox 1008 2441 1089 2501; x_wconf 80' lang='grc'><strong>(1111-</strong></span> 
     </span>
     <span class='ocr_line' id='line_1_29' title="bbox 99 2516 1087 2590; baseline -0.004 -12"><span class='ocrx_word' id='word_1_222' title='bbox 99 2519 308 2580; x_wconf 86' lang='lat' dir='ltr'><strong>mentatoribus</strong></span> <span class='ocrx_word' id='word_1_223' title='bbox 335 2526 365 2578; x_wconf 93' lang='lat' dir='ltr'><strong>et</strong></span> <span class='ocrx_word' id='word_1_224' title='bbox 385 2519 584 2579; x_wconf 83' lang='lat' dir='ltr'><strong>Grammaticis</strong></span> <span class='ocrx_word' id='word_1_225' title='bbox 603 2520 764 2580; x_wconf 86' lang='lat' dir='ltr'><strong>Homericis</strong></span> <span class='ocrx_word' id='word_1_226' title='bbox 789 2518 874 2579; x_wconf 83' lang='lat' dir='ltr'><strong>iaosse</strong></span> <span class='ocrx_word' id='word_1_227' title='bbox 894 2516 1087 2590; x_wconf 75' lang='lat' dir='ltr'><strong>credimus41).</strong></span> 
     </span>
    </p>
   </div>
   <div class='ocr_carea' id='block_1_3' title="bbox 72 2746 1087 3581">
    <p class='ocr_par' dir='ltr' id='par_1_3' title="bbox 72 2746 1087 3581">
     <span class='ocr_line' id='line_1_30' title="bbox 168 2746 1087 2828; baseline 0.001 -28"><span class='ocrx_word' id='word_1_228' title='bbox 168 2748 204 2814; x_wconf 79' lang='lat'><strong>4⁰)</strong></span> <span class='ocrx_word' id='word_1_229' title='bbox 220 2746 313 2815; x_wconf 75' lang='lat' dir='ltr'><strong>Longa</strong></span> <span class='ocrx_word' id='word_1_230' title='bbox 332 2746 385 2800; x_wconf 90' lang='lat' dir='ltr'><strong>alia</strong></span> <span class='ocrx_word' id='word_1_231' title='bbox 402 2753 477 2800; x_wconf 87' lang='lat' dir='ltr'><strong>aetas</strong></span> <span class='ocrx_word' id='word_1_232' title='bbox 494 2747 617 2828; x_wconf 78' lang='lat' dir='ltr'><strong>producit</strong></span> <span class='ocrx_word' id='word_1_233' title='bbox 634 2748 787 2816; x_wconf 84' lang='lat' dir='ltr'><strong>scriptores,</strong></span> <span class='ocrx_word' id='word_1_234' title='bbox 804 2749 864 2817; x_wconf 84' lang='lat' dir='ltr'><strong>pari</strong></span> <span class='ocrx_word' id='word_1_235' title='bbox 875 2749 1038 2803; x_wconf 85' lang='lat' dir='ltr'><strong>excellentes</strong></span> <span class='ocrx_word' id='word_1_236' title='bbox 1049 2749 1087 2801; x_wconf 91' lang='lat' dir='ltr'><strong>in·</strong></span> 
     </span>
     <span class='ocr_line' id='line_1_31' title="bbox 100 2815 1087 2885; baseline -0.002 -16"><span class='ocrx_word' id='word_1_237' title='bbox 100 2815 180 2885; x_wconf 77' lang='lat' dir='ltr'><strong>genio</strong></span> <span class='ocrx_word' id='word_1_238' title='bbox 199 2820 227 2868; x_wconf 84' lang='lat' dir='ltr'><strong>et</strong></span> <span class='ocrx_word' id='word_1_239' title='bbox 243 2821 311 2883; x_wconf 81' lang='lat' dir='ltr'><strong>arte,</strong></span> <span class='ocrx_word' id='word_1_240' title='bbox 328 2830 360 2869; x_wconf 86' lang='lat' dir='ltr'><strong>eo</strong></span> <span class='ocrx_word' id='word_1_241' title='bbox 393 2830 436 2884; x_wconf 86' lang='lat' dir='ltr'><strong>ue,</strong></span> <span class='ocrx_word' id='word_1_242' title='bbox 477 2832 514 2884; x_wconf 85' lang='lat' dir='ltr'><strong>ur,</strong></span> <span class='ocrx_word' id='word_1_243' title='bbox 531 2816 598 2869; x_wconf 70' lang='lat' dir='ltr'><strong>nita</strong></span> <span class='ocrx_word' id='word_1_244' title='bbox 609 2827 725 2883; x_wconf 79' lang='lat' dir='ltr'><strong>peccem,</strong></span> <span class='ocrx_word' id='word_1_245' title='bbox 742 2818 794 2868; x_wconf 74' lang='lat' dir='ltr'><strong>adai</strong></span> <span class='ocrx_word' id='word_1_246' title='bbox 811 2818 879 2882; x_wconf 82' lang='lat' dir='ltr'><strong>qaod</strong></span> <span class='ocrx_word' id='word_1_247' title='bbox 894 2817 958 2868; x_wconf 79' lang='lat' dir='ltr'><strong>nihil</strong></span> <span class='ocrx_word' id='word_1_248' title='bbox 970 2826 1087 2882; x_wconf 78' lang='lat' dir='ltr'><strong>peccant,</strong></span> 
     </span>
     <span class='ocr_line' id='line_1_32' title="bbox 98 2831 559 2953; baseline -0.004 -15"><span class='ocrx_word' id='word_1_249' title='bbox 98 2888 132 2937; x_wconf 82' lang='lat' dir='ltr'><strong>nt</strong></span> <span class='ocrx_word' id='word_1_250' title='bbox 148 2888 212 2951; x_wconf 82' lang='lat' dir='ltr'><strong>epte</strong></span> <span class='ocrx_word' id='word_1_251' title='bbox 229 2882 296 2936; x_wconf 83' lang='lat' dir='ltr'><strong>Pliu.</strong></span> <span class='ocrx_word' id='word_1_252' title='bbox 312 2882 352 2936; x_wconf 88' lang='lat' dir='ltr'><strong>ait</strong></span> <span class='ocrx_word' id='word_1_253' title='bbox 392 2900 438 2952; x_wconf 89' lang='lat' dir='ltr'><strong>pp.</strong></span> <span class='ocrx_word' id='word_1_254' title='bbox 455 2831 500 2953; x_wconf 56' lang='lat' dir='ltr'><strong>qu,</strong></span> <span class='ocrx_word' id='word_1_255' title='bbox 517 2885 559 2938; x_wconf 75' lang='lat'><strong>26.</strong></span> 
     </span>
     <span class='ocr_line' id='line_1_33' title="bbox 72 2964 1086 3038; baseline -0.001 -18"><span class='ocrx_word' id='word_1_256' title='bbox 72 2966 76 2973; x_wconf 87' lang='lat'>&#39;</span> <span class='ocrx_word' id='word_1_257' title='bbox 168 2968 194 3008; x_wconf 79' lang='lat'><strong>41</strong></span> <span class='ocrx_word' id='word_1_258' title='bbox 227 2966 450 3023; x_wconf 70' lang='grc'><strong>1111111111.</strong></span> <span class='ocrx_word' id='word_1_259' title='bbox 478 2968 511 3023; x_wconf 89' lang='lat' dir='ltr'><strong>de</strong></span> <span class='ocrx_word' id='word_1_260' title='bbox 527 2967 604 3035; x_wconf 71' lang='lat' dir='ltr'><strong>poesi</strong></span> <span class='ocrx_word' id='word_1_261' title='bbox 619 2966 698 3022; x_wconf 85' lang='lat' dir='ltr'><strong>Hom.</strong></span> <span class='ocrx_word' id='word_1_262' title='bbox 715 2970 740 3023; x_wconf 76' lang='grc'><strong>2.</strong></span> <span class='ocrx_word' id='word_1_263' title='bbox 775 2964 849 3020; x_wconf 77' lang='grc' dir='ltr'><strong><em>Εἰσὶν</em></strong></span> <span class='ocrx_word' id='word_1_264' title='bbox 874 2967 949 3038; x_wconf 75' lang='grc' dir='ltr'><strong>αὐτῷ</strong></span> <span class='ocrx_word' id='word_1_265' title='bbox 965 2967 1086 3036; x_wconf 81' lang='grc' dir='ltr'><strong><em>ποιήσεις</em></strong></span> 
     </span>
     <span class='ocr_line' id='line_1_34' title="bbox 100 3034 1085 3120; baseline 0 -34"><span class='ocrx_word' id='word_1_266' title='bbox 100 3034 161 3109; x_wconf 74' lang='lat' dir='ltr'><strong>dria,</strong></span> <span class='ocrx_word' id='word_1_267' title='bbox 178 3037 187 3062; x_wconf 92' lang='lat'>&#39;</span> <span class='ocrx_word' id='word_1_268' title='bbox 202 3034 276 3095; x_wconf 77' lang='grc' dir='ltr'><strong>λιὰς</strong></span> <span class='ocrx_word' id='word_1_269' title='bbox 291 3034 346 3087; x_wconf 83' lang='lat' dir='ltr'><strong>xal</strong></span> <span class='ocrx_word' id='word_1_270' title='bbox 363 3035 551 3099; x_wconf 75' lang='lat' dir='ltr'><strong>ildo&#39;ocara,</strong></span> <span class='ocrx_word' id='word_1_271' title='bbox 574 3036 722 3107; x_wconf 74' lang='grc' dir='ltr'><strong><em>διῃρημένη</em></strong></span> <span class='ocrx_word' id='word_1_272' title='bbox 744 3035 862 3120; x_wconf 56' lang='grc' dir='ltr'><strong>ἑκατέρα</strong></span> <span class='ocrx_word' id='word_1_273' title='bbox 884 3036 922 3096; x_wconf 76' lang='grc' dir='ltr'><strong>εἰς</strong></span> <span class='ocrx_word' id='word_1_274' title='bbox 938 3038 985 3088; x_wconf 83' lang='grc' dir='ltr'><strong>τὸν</strong></span> <span class='ocrx_word' id='word_1_275' title='bbox 1003 3036 1085 3103; x_wconf 70' lang='lat' dir='ltr'><strong>Aperi-</strong></span> 
     </span>
     <span class='ocr_line' id='line_1_35' title="bbox 91 3103 1084 3176; baseline -0.001 -22"><span class='ocrx_word' id='word_1_276' title='bbox 91 3104 150 3171; x_wconf 68' lang='lat' dir='ltr'><strong>ere</strong></span> <span class='ocrx_word' id='word_1_277' title='bbox 168 3107 224 3155; x_wconf 82' lang='grc' dir='ltr'><strong>τῶν</strong></span> <span class='ocrx_word' id='word_1_278' title='bbox 242 3104 395 3176; x_wconf 79' lang='grc' dir='ltr'><strong><em>στοιχείων,</em></strong></span> <span class='ocrx_word' id='word_1_279' title='bbox 418 3103 467 3174; x_wconf 78' lang='grc' dir='ltr'><strong>οὐχ</strong></span> <span class='ocrx_word' id='word_1_280' title='bbox 485 3104 531 3156; x_wconf 78' lang='grc' dir='ltr'><strong>ὑπ’</strong></span> <span class='ocrx_word' id='word_1_281' title='bbox 549 3103 633 3156; x_wconf 78' lang='grc' dir='ltr'><strong><em>αὐτοῦ</em></strong></span> <span class='ocrx_word' id='word_1_282' title='bbox 649 3106 699 3156; x_wconf 82' lang='grc' dir='ltr'><strong>τοῦ</strong></span> <span class='ocrx_word' id='word_1_283' title='bbox 721 3121 849 3174; x_wconf 67' lang='lat' dir='ltr'><strong>coeptos,</strong></span> <span class='ocrx_word' id='word_1_284' title='bbox 875 3103 937 3156; x_wconf 73' lang='grc' dir='ltr'><strong>ἀλλ’</strong></span> <span class='ocrx_word' id='word_1_285' title='bbox 958 3104 1008 3156; x_wconf 85' lang='grc' dir='ltr'><strong>ὑπὸ</strong></span> <span class='ocrx_word' id='word_1_286' title='bbox 1030 3106 1084 3154; x_wconf 84' lang='grc' dir='ltr'><strong>τῶν</strong></span> 
     </span>
     <span class='ocr_line' id='line_1_36' title="bbox 99 3166 1085 3242; baseline -0.002 -17"><span class='ocrx_word' id='word_1_287' title='bbox 99 3166 298 3241; x_wconf 62' lang='lat' dir='ltr'><strong>sparistarum</strong></span> <span class='ocrx_word' id='word_1_288' title='bbox 328 3175 392 3222; x_wconf 80' lang='grc' dir='ltr'><strong>τῶν</strong></span> <span class='ocrx_word' id='word_1_289' title='bbox 422 3171 503 3242; x_wconf 73' lang='grc' dir='ltr'><strong>περὶ</strong></span> <span class='ocrx_word' id='word_1_290' title='bbox 528 3171 661 3241; x_wconf 78' lang='grc' dir='ltr'><strong><em>’Δρίστα</em></strong></span> <span class='ocrx_word' id='word_1_291' title='bbox 688 3189 759 3242; x_wconf 77' lang='grc' dir='ltr'><strong>χον.</strong></span> <span class='ocrx_word' id='word_1_292' title='bbox 804 3170 984 3225; x_wconf 73' lang='grc'><strong>11111111.</strong></span> <span class='ocrx_word' id='word_1_293' title='bbox 1015 3187 1042 3239; x_wconf 89' lang='lat' dir='ltr'><strong>p.</strong></span> <span class='ocrx_word' id='word_1_294' title='bbox 1060 3175 1085 3224; x_wconf 83' lang='lat'><strong>5.</strong></span> 
     </span>
     <span class='ocr_line' id='line_1_37' title="bbox 100 3190 1085 3318; baseline -0.001 -25"><span class='ocrx_word' id='word_1_295' title='bbox 100 3244 168 3318; x_wconf 73' lang='lat' dir='ltr'><strong>extr.</strong></span> <span class='ocrx_word' id='word_1_296' title='bbox 187 3244 215 3292; x_wconf 86' lang='lat' dir='ltr'><strong>at</strong></span> <span class='ocrx_word' id='word_1_297' title='bbox 222 3238 304 3293; x_wconf 89' lang='lat' dir='ltr'><strong>lensii</strong></span> <span class='ocrx_word' id='word_1_298' title='bbox 315 3237 471 3318; x_wconf 61' lang='lat' dir='ltr'><strong>Lucubratt.</strong></span> <span class='ocrx_word' id='word_1_299' title='bbox 483 3238 539 3293; x_wconf 87' lang='lat' dir='ltr'><strong>Hes</strong></span> <span class='ocrx_word' id='word_1_300' title='bbox 557 3239 598 3293; x_wconf 90' lang='lat' dir='ltr'><strong>oh.</strong></span> <span class='ocrx_word' id='word_1_301' title='bbox 604 3255 634 3307; x_wconf 86' lang='lat' dir='ltr'><strong>p.</strong></span> <span class='ocrx_word' id='word_1_302' title='bbox 645 3190 702 3294; x_wconf 65' lang='lat' dir='ltr'><strong>nSl.</strong></span> <span class='ocrx_word' id='word_1_303' title='bbox 731 3237 1085 3293; x_wconf 79' lang='lat' dir='ltr'><strong>flimihrerfecermreram-</strong></span> 
     </span>
     <span class='ocr_line' id='line_1_38' title="bbox 98 3304 1086 3376; baseline -0.002 -15"><span class='ocrx_word' id='word_1_304' title='bbox 98 3306 192 3361; x_wconf 83' lang='lat' dir='ltr'><strong>malici</strong></span> <span class='ocrx_word' id='word_1_305' title='bbox 208 3304 304 3361; x_wconf 81' lang='lat' dir='ltr'><strong>Graeci</strong></span> <span class='ocrx_word' id='word_1_306' title='bbox 320 3305 494 3361; x_wconf 87' lang='lat' dir='ltr'><strong>mHerodoto</strong></span> <span class='ocrx_word' id='word_1_307' title='bbox 507 3312 535 3359; x_wconf 93' lang='lat' dir='ltr'><strong>et</strong></span> <span class='ocrx_word' id='word_1_308' title='bbox 585 3306 793 3376; x_wconf 80' lang='lat' dir='ltr'><strong>ucydide‚mult&#39;</strong></span> <span class='ocrx_word' id='word_1_309' title='bbox 827 3321 860 3359; x_wconf 91' lang='lat' dir='ltr'><strong>ue</strong></span> <span class='ocrx_word' id='word_1_310' title='bbox 873 3306 946 3372; x_wconf 74' lang='lat' dir='ltr'><strong>aliis,</strong></span> <span class='ocrx_word' id='word_1_311' title='bbox 963 3306 1086 3360; x_wconf 70' lang='grc'><strong>1111111-</strong></span> 
     </span>
     <span class='ocr_line' id='line_1_39' title="bbox 99 3372 1086 3444; baseline 0 -15"><span class='ocrx_word' id='word_1_312' title='bbox 99 3372 165 3438; x_wconf 83' lang='lat' dir='ltr'><strong>tini,</strong></span> <span class='ocrx_word' id='word_1_313' title='bbox 191 3380 319 3444; x_wconf 86' lang='lat' dir='ltr'><strong>tanquam</strong></span> <span class='ocrx_word' id='word_1_314' title='bbox 336 3373 461 3429; x_wconf 77' lang='lat' dir='ltr'><strong>Octavim</strong></span> <span class='ocrx_word' id='word_1_315' title='bbox 477 3373 624 3442; x_wconf 81' lang='lat' dir='ltr'><strong>Lampadio</strong></span> <span class='ocrx_word' id='word_1_316' title='bbox 646 3374 675 3429; x_wconf 90' lang='lat' dir='ltr'><strong>in</strong></span> <span class='ocrx_word' id='word_1_317' title='bbox 692 3372 786 3428; x_wconf 79' lang='lat' dir='ltr'><strong>Naevii</strong></span> <span class='ocrx_word' id='word_1_318' title='bbox 833 3373 884 3428; x_wconf 88' lang='lat' dir='ltr'><strong>ello</strong></span> <span class='ocrx_word' id='word_1_319' title='bbox 901 3373 1010 3429; x_wconf 89' lang='lat' dir='ltr'><strong>Punico.</strong></span> <span class='ocrx_word' id='word_1_320' title='bbox 1044 3374 1086 3429; x_wconf 88' lang='lat' dir='ltr'><strong>De</strong></span> 
     </span>
     <span class='ocr_line' id='line_1_40' title="bbox 99 3441 1084 3512; baseline -0.001 -15"><span class='ocrx_word' id='word_1_321' title='bbox 99 3441 220 3512; x_wconf 81' lang='lat' dir='ltr'><strong>reliquo,</strong></span> <span class='ocrx_word' id='word_1_322' title='bbox 249 3442 321 3511; x_wconf 85' lang='lat' dir='ltr'><strong>quod</strong></span> <span class='ocrx_word' id='word_1_323' title='bbox 342 3441 527 3497; x_wconf 82' lang='lat' dir='ltr'><strong>Aristarchum</strong></span> <span class='ocrx_word' id='word_1_324' title='bbox 554 3443 630 3495; x_wconf 73' lang='lat' dir='ltr'><strong>Arriae</strong></span> <span class='ocrx_word' id='word_1_325' title='bbox 647 3443 786 3512; x_wconf 71' lang='grc' dir='ltr'><strong><em>διασκευῆς</em></strong></span> <span class='ocrx_word' id='word_1_326' title='bbox 801 3451 903 3495; x_wconf 70' lang='lat' dir='ltr'><strong>coelem</strong></span> <span class='ocrx_word' id='word_1_327' title='bbox 925 3446 1084 3507; x_wconf 59' lang='lat' dir='ltr'><strong>comestorem</strong></span> 
     </span>
     <span class='ocr_line' id='line_1_41' title="bbox 100 3506 1085 3581; baseline 0 -16"><span class='ocrx_word' id='word_1_328' title='bbox 100 3508 216 3581; x_wconf 65' lang='lat' dir='ltr'><strong>appello,</strong></span> <span class='ocrx_word' id='word_1_329' title='bbox 234 3525 283 3565; x_wconf 89' lang='lat' dir='ltr'><strong>cur</strong></span> <span class='ocrx_word' id='word_1_330' title='bbox 299 3512 338 3564; x_wconf 85' lang='lat' dir='ltr'><strong>ita</strong></span> <span class='ocrx_word' id='word_1_331' title='bbox 354 3508 469 3579; x_wconf 82' lang='lat' dir='ltr'><strong>creden,</strong></span> <span class='ocrx_word' id='word_1_332' title='bbox 485 3509 679 3567; x_wconf 82' lang='lat' dir='ltr'><strong>alioroluminc</strong></span> <span class='ocrx_word' id='word_1_333' title='bbox 692 3508 838 3579; x_wconf 84' lang='lat' dir='ltr'><strong>explicabo.</strong></span> <span class='ocrx_word' id='word_1_334' title='bbox 854 3506 907 3567; x_wconf 78' lang='lat' dir='ltr'><strong>uc</strong></span> <span class='ocrx_word' id='word_1_335' title='bbox 916 3508 984 3565; x_wconf 90' lang='lat' dir='ltr'><strong>illud</strong></span> <span class='ocrx_word' id='word_1_336' title='bbox 993 3509 1085 3579; x_wconf 87' lang='lat' dir='ltr'><strong>paullo</strong></span> 
     </span>
    </p>
   </div>
   <div class='ocr_carea' id='block_1_4' title="bbox 0 0 1247 3960">
    <p class='ocr_par' dir='ltr' id='par_1_4' title="bbox 0 0 1247 3960">
     <span class='ocr_line' id='line_1_42' title="bbox 0 0 1247 3960; baseline 0 0"><span class='ocrx_word' id='word_1_337' title='bbox 0 0 1247 3960; x_wconf 95' lang='lat' dir='ltr'><strong> </strong></span> 
     </span>
    </p>
   </div>
  </div>
 </body>
</html>
