2498 3952
508 289 681 342 -159-

107 435 186 510 gula,
206 434 336 494 modesto
357 436 447 508 signo,
467 436 497 492 in
516 436 560 507 iis,
580 437 629 507 qui
649 437 677 494 ei
696 436 732 495 ob
751 437 861 495 minora
880 437 950 496 vitia
962 438 1091 497 rideren·
1104 458 1143 504 aro

107 521 155 572 tur
174 511 285 583 indigni
302 517 397 585 poeta,
418 520 449 571 at
461 512 626 570 tolerabiles
636 518 741 571 tamen
774 513 832 572 Sed
845 515 1008 573 coniectura
1020 515 1092 574 haec

103 596 150 649 est
170 587 321 647 admodum
339 589 421 661 parvi
440 589 575 647 momenti
594 591 624 646 in
642 590 694 647 illa
705 587 825 648 infantia
839 591 918 648 artis.
953 592 1092 662 Quocirca

104 682 165 724 rem
178 671 278 723 tenere
291 667 381 723 satius
396 666 461 737 erit,
475 672 505 724 et
514 667 689 738 argumentis
699 667 827 738 pluribus
839 665 1013 740 confirmare,
1028 685 1093 727 eum

105 758 162 801 non
174 747 285 799 tantum
298 742 431 800 notandis
444 743 552 814 naevis,
565 758 663 800 verum
676 744 763 800 etiarn
776 743 894 816 urendo,
907 744 1092 817 amputando,

104 819 211 890 luxata,
229 833 303 889 quae
322 819 436 889 quidem
454 818 585 890 putabat,
604 819 663 876 suis
681 819 751 878 locis
771 820 944 893 reponendo,
962 821 1094 880 Homeri·

104 911 168 952 cum
181 911 284 967 corpus
296 896 449 953 curavisse.
482 893 525 953 Ac
537 895 659 967 primum
672 896 735 966 quis
749 897 901 969 existimet,
920 912 1019 955 versus
1033 914 1092 970 eos,

103 986 176 1042 quos
189 970 360 1029 Eustathius
379 979 409 1030 et
421 970 600 1031 scholiastae
614 973 721 1043 passim
740 988 775 1030 err
797 973 860 1030 aliis
880 974 1093 1032 recessionibus

104 1046 222 1119 addunt,
242 1049 416 1119 posteriores
429 1063 527 1108 omnes
541 1064 604 1106 esse
617 1048 784 1108 Aristarcho
790 1047 849 1120 4⁶)l
867 1065 903 1107 ue
917 1049 986 1121 quid
999 1049 1093 1109 dicam

102 1158 297 1167 -—.—--

106 1226 171 1281 doto
189 1226 318 1294 primurn,
344 1231 401 1279 tum
426 1226 461 1280 ab
478 1213 634 1280 Aristarcho
651 1226 748 1279 nimius
764 1226 910 1294 putabatur
927 1227 1094 1290 (αοιόίίίοοοοι

109 1301 293 1360 οτπαποοτιιαπι)
311 1299 339 1347 et
356 1296 500 1364 ὴῧετεῖτο,
525 1294 562 1353 ὡς
575 1291 719 1346 Ἡσιόδειον
738 1293 806 1366 ἔχων
820 1298 986 1374 χαραττῆρα
1002 1312 1058 1346 m.
1070 1293 1093 1347 λ.

106 1361 159 1416 Ubi
171 1362 257 1416 obiter
268 1362 350 1429 rides,
363 1363 479 1430 spectari
490 1362 680 1482 Theoffiniam,
691 1369 817 1440 tanquam
829 1379 972 1430 genurnum
981 1360 1095 1415 Carmen

105 1429 175 1484 vetis
192 1431 309 1484 Ascraei.
344 1431 445 1484 Mansit
461 1437 552 1484 tamen
589 1430 612 1483 'c
630 1431 704 1484 locus
721 1447 749 1483 m
760 1437 837 1484 textu
849 1429 1006 1494 Aristarchi,
1023 1429 1095 1484 unde

104 1514 165 1552 eum
188 1498 216 1551 in
242 1498 417 1552 imitationem
435 1514 508 1552 suam
525 1499 608 1551 traxit
625 1497 760 1566 Virgilius.
795 1498 864 1552 Nam
881 1497 915 1551 ab
933 1498 978 1551 illo
996 1497 1094 1551 critico

108 1565 261 1634 pendebant
277 1566 369 1619 Latini
386 1582 485 1620 omnes.
519 1566 562 1619 Ita
579 1566 700 1620 Ciceroni
716 1565 787 1634 Epp.
804 1565 840 1619 ad
856 1567 949 1620 Famil.
963 1566 997 1632 X,
1017 1569 1056 1620 13.
1067 1571 1095 1618 et

112 1633 237 1688 Straboni
254 1635 273 1687 I.
292 1651 319 1702 p.
341 1636 381 1689 rt.
404 1651 457 1688 non
481 1634 623 1688 excidisset
640 1633 705 1687 illud
723 1634 756 1687 de
775 1632 899 1702 ’θδοοοῆϊ
911 1634 1095 1702 πτολιπόρθῳ,

112 1702 164 1756 nisi
186 1703 264 1768 pueri
286 1703 315 1754 in
332 1703 429 1756 scholis
447 1703 598 1767 audissent,
625 1701 808 1755 Aristarchum
825 1703 985 1771 λίετηκένατ
1002 1716 1096 1754 versus

112 1785 197 1838 prope
215 1786 321 1839 omnes,
346 1772 391 1838 qui
408 1786 478 1824 nunc
496 1771 516 1824 ll
536 1771 612 1822 ιλλ”α
628 1769 811 1839 πτολίπορθον
828 1733 935 1823 habent.
970 1769 1028 1836 Quo
1045 1783 1095 1823 nos

107 1837 240 1906 probabili
262 1839 364 1893 ratione
391 1838 491 1893 ducunt
514 1789 620 1893 §ohozia
641 1836 676 1890 ad
700 1839 727 1890 d.
744 1840 803 1892 371.
827 1844 962 1906 et‘prox.,
985 1844 1042 1890 tum
1059 1835 1095 1890 ad

108 1927 132 1958 ο.
144 1907 262 1974 ott-77,
280 1907 356 1961 obelo
368 1913 475 1961 notatos
486 1915 598 1975 propter
615 1907 654 1960 τὰ
672 1905 746 1958 ἐκεῖ
762 1907 818 1958 οὐκ
834 1906 1023 1974 ἀναγκαίως
1038 1923 1094 1957 πα-

108 1973 369 2042 λιλλογούρενο,
396 1984 424 2028 et
447 1976 513 2029 alias
531 1991 637 2043 causas,
654 1973 682 2026 in
703 1974 798 2040 quibus
815 1975 882 2027 haec
899 1982 1018 2027 extrema
1035 1979 1092 2026 est:

106 2039 188 2161 dyeia
207 2045 222 2094 ὁ
239 2042 473 2126 Ἀρίσταρχος,
491 2045 532 2097 ὅτι
549 2044 655 2114 οὐδαμῇ
672 2042 717 2092 τὸν
731 2041 844 2113 Ἀχιλλέα
861 2041 1091 2109 πτολίπορθον

107 2127 225 2178 sparsa,
247 2111 314 2163 ἀλλὰ
331 2112 451 2180 ποδαρκη
468 2113 512 2163 καὶ
535 2112 647 2180 ποδώκη.
682 2108 776 2176 Neque
793 2110 972 2173 Aristarchus,
989 2115 1020 2160 ut
1038 2123 1093 2162 sus·

108 2178 190 2246 picor,
214 2179 242 2233 id
260 2179 398 2246 epitheton
414 2180 520 2247 putavit
537 2180 678 2233 convenire
694 2177 801 2245 Achilli,
823 2177 869 2246 qui
886 2177 985 2230 bellurn
1002 2176 1094 2230 Troia·

107 2262 172 2299 num
190 2263 243 2301 non
261 2247 412 2301 confecerit.
441 2247 586 2316 Ignorabat
603 2262 667 2315 ergo
684 2255 731 2326 aut
748 2246 891 2314 spernebat
907 2245 1039 2324 veriorem
1055 2244 1094 2296 in·

108 2314 581 2451 assertationibus:
603 2313 1095 2441 attractabatur

107 2451 367 2520 πτολίπορθος·
393 2455 439 2503 νῦν
464 2453 494 2504 δὲ
519 2449 610 2510 ἅπαξ
633 2454 675 2503 ἐπ’
698 2451 836 2523 Ἀχιλλέως.
872 2447 902 2502 Ἡ
918 2450 995 2518 διπλῆ
1012 2469 1031 2501 π
1061 2449 1095 2508 ὸς

107 2518 191 2577 τοὺς
203 2520 431 2590 χωρίζοντας·
456 2520 563 2580 τούτοις
587 2520 641 2590 γὰρ
657 2526 788 2591 χρῶνται.
822 2514 916 2578 Τινὲς
933 2519 963 2570 δὲ
981 2466 1096 2588 Ἀχιλλέα

108 2583 249 2664 Πηλείωνα
265 2592 371 2640 ποιοῦσι
389 2589 547 2668 (corrigunt)
565 2587 738 2648 ξενισθέντες
754 2607 774 2640 π
793 2588 822 2646 ὸς
839 2587 869 2640 τὸ
886 2586 1021 2638 ἐπίθετον.
1044 2584 1095 2638 His

107 2655 198 2722 igrtur,
216 2656 262 2722 qui
279 2656 318 2709 ita
335 2655 492 2723 sentrebaht,
510 2656 581 2710 idem
598 2656 749 2711 faciendum
797 2656 817 2707 't
833 2655 861 2708 in
879 2658 979 2710 ω.108.
997 2658 1025 2707 et
1042 2652 1095 2707 for·

111 2730 182 2776 tasse
201 2723 284 2778 Oatal.
302 2728 360 2778 235.
379 2725 458 2790 (728.)
475 2730 503 2777 et
520 2744 542 2777 ο.
559 2729 618 2780 384.

178 2810 214 2875 4⁶)
239 2807 305 2863 Sunt
328 2809 395 2863 adeo
423 2810 451 2862 in
474 2809 526 2863 illis
544 2825 597 2863 rss.
614 2809 741 2876 nonnulli,
764 2823 831 2876 quos
847 2807 987 2875 rhapsodis
1004 2805 1097 2860 eadem

113 2876 202 2944 specie
220 2879 277 2930 reri
294 2877 404 2945 tribuas,
421 2877 465 2931 vel
482 2877 590 2945 maiore,
613 2894 692 2945 quarn
710 2877 768 2930 aliis
785 2874 944 2930 auctoribus.
978 2873 1015 2928 Ut
1032 2889 1096 2942 qua-

111 2950 173 2996 tuor
198 2943 248 2999 hos
270 2961 313 3013 ap.
342 2944 433 3013 Euat,
464 2961 575 3012 quorum
602 2945 741 3000 Ruhnken.
763 2943 882 2996 meminit
903 2941 937 2996 ad
954 2941 1096 3020 Byrrum

108 3010 169 3066 Gar.
189 3017 256 3080 loa,
274 3013 387 3067 iniectos
404 3019 465 3081 post
484 3035 506 3068 ν.
523 3018 596 3082 433.,
619 3020 647 3068 et
664 3013 730 3066 duos
747 3018 808 3080 post
824 3030 847 3067 ο.
865 3014 924 3079 30,,
946 3008 1095 3063 Hesrodrcrs

109 3078 210 3148 Theog.
222 3085 281 3137 498.
299 3088 326 3134 et
343 3081 403 3135 aliis
420 3080 517 3136 fabulis
529 3082 593 3136 satis
605 3081 717 3148 similes;
731 3086 789 3134 tum
797 3078 957 3133 miserrimos
967 3085 1023 3131 tres
1033 3082 1096 3145 post

111 3144 206 3215 Odyss.
223 3149 247 3204 λ.
261 3153 328 3216 438.,
354 3165 420 3216 quos
438 3150 552 3204 serravit
564 3150 650 3205 Schol.
664 3146 787 3216 Euripid.
813 3147 906 3201 Plures
916 3146 996 3200 huius
1005 3151 1095 3212 notae,

113 3214 157 3267 vel
171 3217 230 3271 sola
252 3216 304 3271 fide
328 3216 502 3271 diobolarium
525 3218 657 3284 codicum,
683 3216 794 3271 adscivit
811 3215 965 3280 Bamesins,
992 3212 1095 3281 priores

111 3283 220 3350 quidem
236 3284 266 3338 in
283 3305 304 3337 ν.
324 3292 351 3340 et
369 3307 392 3338 ο.
411 3285 491 3339 etiam
503 3285 624 3354 Daceria,
639 3285 806 3339 librariorum
822 3290 893 3338 totos
910 3296 1001 3335 versus
1019 3280 1095 3334 ornit-

109 3352 223 3406 tentium
239 3353 430 3421 negligentiam
447 3369 560 3421 querens
577 3360 604 3409 et
621 3352 813 3422 pravaiudicia
824 3350 988 3405 Criticorunu
1010 3349 1095 3403 Recte

109 3426 266 3488 utrumque:
283 3422 334 3476 nisi
351 3421 399 3476 sub
417 3438 498 3475 unum
515 3420 669 3489 adspectum
692 3421 781 3490 posita
797 3418 895 3473 indicia
911 3433 1000 3472 rernm
1016 3417 1095 3472 alior-

109 3501 168 3542 sum
178 3487 318 3545 flecterent
329 3490 445 3545 animum
456 3489 628 3558 suspicacem.
648 3490 707 3544 lam
715 3488 811 3543 vellem
822 3486 923 3554 audire,
940 3485 1003 3555 quid
1014 3484 1095 3540 docta
