2482 3960
585 312 762 364 ..45-

183 460 252 516 tium
273 458 483 528 historicorum,
504 457 647 528 geminum
666 458 709 514 illi
729 458 765 515 de
784 458 912 531 Noacho,
934 459 1032 530 qualia
1051 459 1182 519 libenter

176 534 299 605 arripuit
317 534 375 591 ista
394 540 484 592 aetas.
517 534 558 592 At
577 535 606 590 in
620 533 775 593 Eustathio
788 551 844 592 non
858 535 1004 593 Eustathii
1025 537 1181 607 opiniones

177 611 349 681 quaerimus,
363 609 415 667 sed
427 611 615 668 vetustiorum
629 610 830 680 litteratorum,
845 628 965 682 quorum
977 611 1095 670 Scholia
1110 619 1180 672 ante

182 687 279 744 oculos
304 686 438 744 habebat.
477 685 523 743 Ex
547 686 592 743 his
618 692 714 743 autem
735 686 856 745 Scholiis
886 704 950 745 eum
970 688 1076 758 ubique
1099 691 1180 747 etin

177 763 212 819 iis
233 762 362 820 versibus
382 763 513 834 maxime,
533 762 583 820 ubi
603 778 664 820 rem
683 778 740 821 non
760 762 854 820 obiter
874 769 990 837 tractat,
1009 765 1067 821 alia
1081 766 1181 824 omnia

182 835 301 910 referre,
320 839 419 911 paullo
438 855 504 896 mox
523 838 686 896 viderimus.
1036 896 1039 900 .

255 915 331 972 Num
357 931 425 973 vcro
445 915 588 973 Homerus
612 916 675 987 ipse
701 917 829 987 ignotam
848 915 983 974 heroibus
1004 919 1065 975 suis
1085 924 1180 977 artem

184 991 291 1063 scierit,
318 1007 458 1062 nusquam
470 1007 523 1049 nec
542 991 712 1050 Eustathius
732 1009 794 1065 nec,
821 998 958 1064 quantum
979 1009 1033 1064 ego
1053 996 1180 1068 reperio,

187 1069 339 1139 quisquam
351 1068 575 1126 Scholiastarum
592 1069 718 1140 quaerit:
739 1071 781 1126 ita
794 1085 840 1126 res
855 1069 891 1128 ab
904 1069 939 1125 iis
953 1085 1006 1127 nec
1019 1069 1181 1129 affirmatur

184 1160 238 1202 nec
256 1150 382 1216 negatur
401 1146 541 1217 praecise.
567 1145 611 1202 Ac
631 1146 730 1216 quanti
750 1144 887 1204 iaciamus
906 1145 1019 1204 illorum
1038 1163 1133 1218 voces
1154 1148 1180 1206 si

184 1237 233 1277 eas
261 1221 404 1278 mendacii
430 1222 600 1279 convincant
620 1227 736 1293 eventa,
763 1238 837 1292 quae
857 1239 893 1280 ne
915 1228 1042 1280 extrema
1061 1223 1181 1293 quidem

184 1302 265 1353 aetas
290 1296 375 1368 plane
403 1297 612 1354 dissimulavit?
651 1298 696 1355 Ne
715 1299 819 1356 multa:
860 1300 948 1356 etiam
966 1298 1179 1360 Alexandrinos

181 1372 303 1430 Oriticos
317 1372 393 1429 haud
408 1372 495 1430 dubie
509 1374 637 1430 exercuit
646 1374 719 1431 haec
733 1375 879 1445 quaestio:
900 1390 954 1431 nec
963 1375 1079 1433 aliunde
1093 1391 1181 1447 quam

183 1464 219 1505 ex
229 1448 473 1520 disputationibus
485 1465 582 1507 eorum
592 1451 727 1522 manavit,
748 1452 773 1508 si
783 1452 853 1522 quid
863 1452 1044 1509 auctoritatis
1054 1453 1084 1509 in
1097 1459 1182 1511 tanta

178 1526 289 1582 iactura
301 1524 437 1582 librorum
451 1531 581 1583 veterum
594 1525 728 1598 ambiguo
742 1528 856 1586 silentio
870 1527 1047 1586 scholiorum
1062 1536 1180 1588 nostro·

160 1618 249 1658 aerum
270 1601 395 1663 obiicere
415 1618 574 1674 possumus.
613 1602 660 1660 Ita
679 1604 860 1661 sentiendum
880 1609 925 1661 est
945 1604 981 1661 de
1000 1605 1182 1663 memorabili

188 1679 249 1736 loco
269 1677 399 1751 Iosephi,
428 1679 477 1736 ubi
501 1680 654 1751 perspicue
675 1679 758 1752 dicit,
785 1683 932 1735 Home-om
951 1684 1026 1735 tradi
1044 1685 1182 1752 scripsero

143 1765 167 1802 ll
191 1774 269 1808 asam
292 1774 346 1808 mora
362 1757 454 1825 fuisse
477 1758 506 1810 ιἰι
525 1759 676 1827 ραιιροιιιίίν
710 1759 890 1825 Carminibus,
921 1776 1002 1826 eoque
1018 1760 1109 1827 promo
1128 1777 1182 1813 me·

192 1833 300 1884 moriter
320 1834 435 1901 prodita
459 1834 488 1885 ιά
515 1834 611 1902 culpus
637 1843 661 1886 et
680 1842 852 1904 propopato,
875 1842 970 1902 posteo
988 1835 1083 1889 litteras
1103 1853 1182 1889 mart-

102 1919 167 1983 sxts
190 1910 259 1960 dcto
285 1907 355 1961 boae
375 1911 496 1975 sormam
522 1918 545 1961 et
570 1918 683 1962 tenorem
712 1907 907 1979 curavisseffl).
947 1908 1040 1967 Unica
1054 1909 1182 1980 'quidem

188 2068 269 2135 docti,
287 2069 383 2136 quibus
400 2067 446 2120 ille
464 2066 602 2120 familiaris
620 2072 678 2133 est,
700 2067 780 2120 etiam
798 2084 852 2122 non
869 2068 1001 2122 admoniti.
1015 2067 1183 2121 animadver-

184 2143 258 2203 tent3
276 2137 359 2189 ceteri
376 2135 455 2189 modo
474 2135 622 2200 crederent,
640 2141 695 2203 aut,
720 2136 807 2190 minus
823 2144 921 2189 natura
938 2136 1048 2202 creduli,
1066 2136 1094 2187 in
1107 2138 1182 2204 cupi·

185 2205 297 2258 ditatem
315 2220 401 2258 meam
418 2203 565 2257 traherent.
600 2203 732 2257 Neutrum
749 2204 896 2271 periculum
913 2204 957 2258 hic
975 2204 1063 2257 subire
1081 2202 1157 2257 libet.

252 2291 287 2357 38)
307 2289 406 2343 Contra
422 2289 519 2356 Apion.
538 2291 563 2354 l,
587 2291 611 2340 2.
629 2304 656 2355 p.
673 2292 733 2345 439.
768 2288 831 2354 ’θψὲ
853 2289 895 2340 καὶ
918 2288 993 2350 μόλις
1016 2287 1137 2352 ἔγνωσαν
1159 2289 1184 2340 οἱ

178 2355 301 2426 ΓΈλληνες
324 2357 405 2424 φύσιν
429 2357 608 2424 γραμμάτων.
652 2355 688 2408 Oi
716 2357 783 2424 γὰρ
807 2357 847 2424 ἀρ
878 2356 1042 2420 αιοτιίτην
1067 2357 1182 2408 αὐτῶν

182 2427 390 2494 τὴνχρῆσιν
415 2423 703 2487 εἶναιθέλοντες,
732 2423 824 2491 παρὰ
870 2421 1007 2473 οινίκων
1026 2419 1182 2476 sollicid-

181 2511 246 2555 μοο
278 2492 512 2555 σεμνύνονται
542 2489 750 2553 μαθεῖν-οὐ
776 2491 829 2559 μὴν
857 2489 916 2541 οὐδ’
939 2489 981 2540 ἐπ’
1005 2489 1107 2541 ἐκείνου
1131 2496 1183 2543 τοῦ

181 2561 282 2630 χρόνον
309 2560 421 2610 δύναιτό
445 2575 485 2616 τις
511 2556 543 2608 ἂν
571 2555 658 2614 δεῖξαι
685 2559 839 2626 σωζομένην
868 2558 1044 2626 ἀναγραφήν,
1071 2557 1128 2608 οὔτ’
1151 2561 1181 2610 ἐν

184 2630 283 2696 ἱεροῖς,
310 2627 365 2679 οὔτ’
391 2627 420 2676 ἐν
447 2625 582 2692 δημοσίοις
604 2624 784 2693 ἀναθήμασιν.
812 2627 939 2692 (Miratur
955 2625 1007 2678 hcc
1026 2628 1044 2677 l.
1063 2625 1094 2678 G.
1114 2624 1182 2679 Vos·

185 2699 239 2749 sius
257 2704 370 2762 propter
386 2693 486 2748 nobilia
504 2693 696 2760 epigrammata
712 2691 851 2747 Herodoti.
880 2693 968 2746 Aliter
979 2709 1050 2746 nunc
1062 2694 1182 2747 sentient

180 2766 208 2832 ii,
226 2763 273 2833 qui
290 2779 371 2831 supra
389 2778 405 2816 a
421 2777 464 2814 me
482 2761 610 2828 scriptum
622 2759 768 2827 probarint.
796 2761 927 2815 Nimirum
936 2761 1067 2828 Iosephus
1079 2775 1181 2827 operae

187 2834 303 2902 pretium
321 2848 373 2886 non
392 2830 475 2897 duxit,
493 2829 545 2882 illis
563 2838 591 2882 et
609 2828 737 2883 similibus
755 2828 852 2883 fabulis
870 2829 1019 2882 refutandis
1030 2829 1180 2896 immorari3

182 2909 210 2956 et
227 2901 351 2956 fecerant·
362 2899 391 2952 id
408 2906 469 2952 ante
488 2914 548 2952 eum
566 2896 611 2951 alii
623 2897 707 2964 multi,
725 2903 755 2950 ut
765 2898 876 2966 hicipse
888 2898 962 2951 locus
974 2896 1102 2951 ostendit.
1120 2896 1180 2950 Iam

182 2970 325 3038 diligenter
341 2968 499 3034 consideres,
518 2981 586 3035 quae
604 2965 678 3019 addit
685 2973 702 3030 z)
732 2963 812 3019 Ὅπου
829 2985 862 3036 γε
881 2965 922 3017 καὶ
940 2966 1019 3035 περὶ
1042 2969 1107 3016 τῶν
1125 2965 1182 3016 ἐπὶ

189 3036 311 3106 Τροίαν
351 3036 535 3094 τοσούτοις
568 3034 661 3087 ἔτεσι
694 3036 988 3103 στρατευσάντων
1026 3032 1179 3100 ὕστερον

185 3105 292 3175 πολλὴ
311 3106 459 3173 γέγονεν
478 3103 606 3171 ἀπορία
624 3103 731 3154 τεκαὶ
750 3103 899 3171 ζήτησις,
922 3103 953 3152 εἰ
975 3102 1179 3171 γράμμασιν

119 3188 123 3194 ’
185 3175 355 3242 ἐχρῶντο·
382 3172 424 3223 καὶ
452 3172 568 3240 τάληθὲς
596 3172 740 3239 ἐπικρατεῖ
764 3170 864 3233 μᾶλλον
894 3170 958 3238 περὶ
984 3173 1031 3222 τοῦ
1061 3169 1109 3236 τὴν
1130 3171 1179 3218 νῦν

185 3234 271 3294 οὖσαν
298 3245 352 3293 τῶν
375 3242 543 3309 γραμμάτων
559 3244 659 3309 χρῆσιν
679 3239 793 3297 ἐκείνους
810 3241 927 3306 ἀγνοεῖν.
957 3235 1037 3294 Ὅλως
1056 3236 1085 3286 δὲ
1103 3236 1181 3302 παρὰ

186 3312 243 3368 τοῖς
254 3306 373 3378 Ἕλλησιν
393 3309 472 3359 οὐδὲν
485 3307 695 3374 ὁμολογούμενον
712 3307 867 3375 εὑρίσκεται
879 3306 994 3375 γράμμα
1004 3309 1052 3371 τῆς
1064 3301 1180 3371 Ὁμήρου

188 3377 322 3445 ποιήσεως
349 3377 547 3445 πρεςβιίτερον.
594 3374 678 3433 θίιτος
705 3375 735 3425 δὲ
761 3376 805 3425 καὶ
831 3379 883 3429 τῶν
908 3372 929 3426 l'
949 3377 1035 3424 ωῖιιιῖνν
1059 3370 1179 3439 ὕστερον

189 3445 314 3511 φαίνεται
342 3446 495 3513 γενόμενος.
530 3437 586 3495 Καί
609 3461 690 3508 φασιν
716 3442 778 3494 οὐδὲ
803 3446 897 3494 τοῦτον
938 3442 1111 3509 νγριίμμασι
1130 3440 1179 3507 τὴν

187 3513 271 3563 αὑτοῦ
297 3513 400 3581 ποηίσιν
424 3509 589 3574 καταλιπεῖν,
613 3510 680 3562 ἀλλὰ
704 3510 982 3579 διαμνημονεοομένην
1008 3509 1037 3558 ἐκ
1055 3512 1109 3558 τῶν
1129 3507 1179 3556 ὰσ-
