2482 3960
557 303 735 358 ..90-

97 456 135 497 14⁸
147 450 191 509 Ibi
210 447 377 508 fabulantur
395 448 508 508 infimos
521 450 627 508 astutis
641 449 837 522 Grammaticu
856 457 1014 523 postquam
1029 454 1150 514 Homeri

148 541 239 600 opera
258 527 422 599 periissent,
441 526 582 584 incertum
601 526 666 598 igui-
681 542 718 586 an
737 533 924 586 motuterrae
943 544 984 587 an
999 531 1089 603 cquis
1101 532 1149 592 ab·

147 724 214 791 γδς,
237 723 326 774 θέλων
351 721 440 791 ἐαυτῷ
463 721 544 782 δόξαν
572 723 817 792 περιποιήσασθαι,
840 685 884 774 καλ
909 725 944 775 τὰ
962 728 1015 778 τοῦ
1028 723 1148 799 Ὀμήρου

147 792 313 853 ἀνανεώσαι,
341 789 466 841 τοιοῦτόν
491 806 518 840 τι
540 787 733 853 ἐβουλεύσατο.
773 786 915 860 Ἐκήρυξεν
945 793 976 843 ἐν
1006 794 1086 865 πάση
1114 796 1148 912 τή

144 855 257 922 Ἑλλάδι,
283 859 329 910 τὸν
348 856 447 928 ἔχοντα
460 855 524 925 ‘opp
546 857 618 916 ικοδς
641 857 749 928 στίχους
764 857 876 926 ἀγαγεῖν
895 860 964 926 πρδς
981 861 1079 924 αὐτόν,
1105 863 1139 915 ἐπ

147 928 243 997 μισθῷ
265 927 409 995 ὡρισμένῳ
433 925 495 976 καθ’
532 942 632 976 καστον
658 925 766 994 στίχον·
789 927 891 985 πάντες
915 925 962 979 οὖν
987 928 1013 979 οἱ
1038 928 1148 999 ἔχοντες

149 997 306 1064 ἀπέφερον,
331 993 376 1045 καὶ
402 992 558 1057 ἐλάμβανον
585 993 776 1061 ἀδιαστρόφως
797 994 843 1044 τδν
867 996 1019 1063 ὁρισθέντα
1036 998 1147 1059 μισθόν.

153 1063 206 1116 ota
221 1063 355 1116 ἀπεδίωκε
373 1061 403 1113 δὲ
421 1061 484 1112 οὐδὲ
500 1062 547 1112 τὸν
566 1061 691 1128 φέροντα
716 1061 764 1121 οδς
786 1061 839 1131 ήδη
857 1063 1019 1133 προειλήφει
1037 1065 1146 1136 στίχους

147 1129 208 1202 παρ’
230 1129 437 1212 ἑτέρου,ηάλλά
463 1127 577 1209 κᾴκείνῳ
595 1130 641 1211 τὸν
660 1129 743 1216 αὐτήν
767 1130 892 1183 ἐπεδίδου
915 1132 1031 1215 μισθόν·
1051 1133 1149 1217 ’ἐνίοτε

146 1194 480 1325 ζίίπλέοῖῖῗθὲἷαίῗί
489 1196 547 1315 ίίό
566 1214 675 1315 ίέίῖίλ
692 1214 996 1336 ιὲἵόίῗξήίίέέίὲήὲ,
1011 1200 1149 1329 ῗὲίῗήῖ

148 1333 364 1400 ὀβελιζυμένους.
402 1327 454 1382 Καὶ
477 1330 547 1394 μετὰ
570 1332 600 1383 τδ
624 1333 729 1391 πάντας
750 1336 930 1402 συναγαγεῖν,
958 1337 1148 1403 παρεκάλεσεν

148 1399 197 1467 οβ’
219 1402 247 1468 (ό
269 1400 362 1467 Allct.)
385 1398 590 1481 γραμματικοὺς
614 1401 798 1453 συνθεῖναι
828 1402 866 1453 τὰ
895 1406 957 1454 τοῦ
986 1402 1150 1473 Ὁμήρου,

148 1470 262 1522 ἕκαστον
281 1470 338 1520 κατ’
356 1467 434 1534 ίδιαν,
452 1467 525 1526 ὅπως
542 1464 574 1517 ἀν
594 1465 659 1537 δόίή
678 1473 718 1519 τῶ
737 1471 893 1522 συντιθέντι
904 1470 1088 1542 καλώςέχειν,
1107 1472 1149 1525 ἐπὶ

147 1540 239 1608 μισθῷ
256 1539 388 1606 πρέποντι
405 1534 518 1601 λογικοῖς
532 1535 648 1603 ἀνδράσι
665 1519 709 1587 καλ
725 1556 740 1587 κ
762 1541 831 1597 ιταῖς
847 1540 1013 1607 ποιημάτων,
1042 1540 1150 1610 ἑκάστῳ

148 1606 273 1664 δεδωκώς
298 1605 403 1661 πάντας
426 1604 491 1662 τοὺς
514 1603 621 1673 στίχους
644 1606 704 1655 κατ’
721 1556 800 1665 ὶόίαν,
819 1608 902 1666 ὅσους
938 1624 951 1657 ν
971 1609 1149 1677 συναγαγών·

148 1676 191 1728 καὶ
207 1675 278 1737 μετὰ
296 1675 327 1725 τὸ
346 1671 458 1723 ἕκαστον
478 1673 619 1723 συνθεῖναι
635 1672 703 1724 κατὰ
719 1675 770 1744 τήν
788 1674 888 1726 ἑαυτοῦ
911 1674 1040 1744 γνώμην,
1066 1677 1106 1735 είς
1122 1676 1150 1727 ἓν

127 1743 129 1746 ’
148 1743 284 1812 συνήγαγε
308 1743 411 1797 πάντας
434 1738 496 1797 τοὺς
520 1739 721 1857 προλεχθέντας
746 1743 966 1809 γραμματικοὺς,
990 1743 1151 1810 ὀφείλοντας

149 1811 281 1868 ἐπιδεῖξαι
299 1809 375 1876 αὐτῷ
393 1807 504 1858 ἕκαστον
524 1809 572 1875 τήν
591 1807 600 1858 ἰ
617 1807 659 1859 ίαν
677 1809 817 1869 σύνθεσιν,
835 1812 979 1878 παρόντων
997 1812 1069 1873 ὁμοῦ
1087 1813 1150 1864 πάν·

149 1898 211 1931 των.
244 1875 322 1929 occur
340 1877 385 1929 οὖν
405 1875 614 1942 ἀκροασάμενοι,
635 1876 669 1927 οὐ
687 1878 758 1944 πρὸς
776 1877 844 1947 ἔριν,
862 1878 929 1930 ἀλλὰ
947 1881 1021 1946 πρὸς
1039 1881 1072 1932 τὸ
1089 1881 1148 1950 ἀλη·

148 1948 205 2013 θές,
223 1945 267 1996 καλ
284 1948 337 1996 πᾶν
356 1943 387 1997 τὸ
405 1943 441 2014 τῇ
460 1944 559 2012 (πάντη
579 1942 672 2007 Allat.)
690 1944 773 2031 τέχνη
794 1946 925 2016 ἁρμόζον,
955 1946 1067 2014 ἔκριναν
1086 1949 1149 2000 πάν-

149 2034 195 2074 τες
212 2015 287 2085 κοινή
305 2013 348 2065 καὶ
365 2015 414 2074 όμο
436 2011 522 2069 ώνως,
542 2014 721 2080 ἐπικρατῆσαι
738 2030 788 2082 την
801 2015 934 2066 σύνθεσιν
947 2016 989 2067 καί
1002 2016 1150 2084 διόρθωσιν

148 2066 277 2153 Ἀριστάρ
291 2101 322 2133 ου
340 2081 383 2132 καί
425 2079 568 2150 ηνοδότου·
587 2079 631 2129 καὶ
648 2080 727 2132 πάλιν
741 2079 849 2150 ἔκριναν
862 2087 917 2134 τῶν
927 2083 977 2134 δύο
991 2085 1150 2136 συνθέσεών

149 2170 181 2204 τε
204 2151 248 2202 καὶ
266 2100 442 2219 ώιορθώσεων
467 2146 594 2211 βελτίονα
622 2149 671 2216 τήν
688 2147 871 2221 Ἀριστάρχου.
907 2148 976 2202 Ἐτει
999 2151 1005 2168 “
1030 2151 1062 2202 δέ
1079 2169 1152 2212 τινες

149 2225 203 2272 τών
223 2219 432 2287 συναγαγόντων
450 2214 514 2272 τοὺς
527 2214 689 2284 Ὁμηρικοὺς
706 2218 815 2288 στίχους
832 2220 900 2285 πρὸς
917 2221 962 2271 τὸν
1008 2219 1150 2288 εισίστρα.

149 2307 204 2354 τον,
223 2287 265 2338 διὰ
282 2288 314 2338 τδ
332 2287 441 2338 πλείονα
456 2285 556 2345 μισθὸν
574 2283 680 2348 λαβεῖν,
706 2286 747 2335 καὶ
765 2285 845 2344 ἰδίους
861 2287 979 2357 στίχους,
1004 2287 1042 2346 ώς
1059 2287 1152 2355 πρυεί·

149 2373 237 2425 ρηται,
256 2354 425 2419 σκεψάμενοι
443 2351 621 2420 προςέθηκαν,
641 2353 683 2403 καὶ
700 2353 752 2421 ήδη
771 2354 800 2404 ἐν
811 2355 942 2423 συνηθείᾳ
958 2355 1087 2422 ἐγένοντο
1098 2359 1153 2415 τοῖς

149 2422 390 2490 ἀναγινώσκουσιν·
410 2421 458 2470 οὐκ
476 2417 559 2469 ἔλαθε
577 2425 660 2471 τοῦτο
680 2421 744 2479 τοὺς
760 2425 864 2491 κριτάς,
884 2421 951 2475 ἀλλὰ
969 2423 1019 2485 μὲν
1039 2424 1084 2474 διὰ
1101 2425 1152 2494 τὴν

150 2490 296 2559 συνήθειαν
320 2489 364 2539 καί
387 2486 521 2556 πρόληψιν
547 2486 651 2555 ἀφῆκαν
676 2489 773 2548 αὐτοὺς
799 2491 917 2551 κεῖσθαι,
944 2490 1106 2556 ὀβελίσκους
1123 2491 1154 2543 δὲ

149 2560 255 2627 ἑκάστῳ
277 2561 332 2608 τών
359 2554 490 2618 ἀδοκίμων
513 2554 557 2605 καὶ
580 2555 728 2623 ἀλλοτρίων
756 2556 799 2607 καί
825 2557 941 2617 ἀναξίων
968 2562 1016 2610 τοῦ
1035 2563 1153 2628 ποιητοῦ

149 2627 250 2696 στίχων
268 2624 491 2693 παρατιθέμενοι.
518 2626 600 2675 τοῦτο
618 2623 685 2674 αὐτὸ
703 2625 889 2687 ἐπεδείξαντο,
916 2627 952 2685 ὡς
970 2626 1082 2687 ἀνάξιοί
1096 2627 1152 2680 εἶσι

149 2698 199 2746 τοῦ
214 2691 344 2762 Ὃμήρου.
380 2692 441 2745 Non
458 2690 566 2745 indocta
578 2698 647 2756 sunt,
674 2708 743 2759 quac
761 2692 789 2744 in
806 2693 848 2746 his
866 2694 1007 2760 postremis
1024 2693 1155 2761 leguntur

150 2761 183 2814 dc
207 2760 338 2829 suspectis
361 2760 482 2813 versibus
508 2760 537 2812 iu
560 2775 609 2814 sua
632 2760 695 2813 sede
714 2760 828 2813 relictis:
852 2762 957 2828 quade
976 2761 1095 2816 reinfra
1114 2762 1153 2816 di-

149 2845 207 2883 cam
225 2831 252 2881 in
271 2828 416 2882 Zenodoto.
452 2828 565 2882 Brevius
582 2828 655 2882 aliud
673 2828 760 2882 Schol.
779 2829 855 2881 cuius
872 2829 978 2882 initium
996 2831 1023 2882 in
1041 2838 1097 2883 not.
1110 2833 1152 2884 39.

149 2898 219 2966 dedi,
238 2898 276 2951 sic
293 2903 387 2951 narrat
404 2896 437 2949 (lc
455 2897 608 2950 Pisistrato:
639 2895 799 2966 Ἐθέλησε
818 2899 878 2966 τὴν
893 2897 1037 2967 Ὁμήρου
1056 2899 1153 2967 ποίη-

150 2985 202 3018 σιν
227 2966 400 3034 ἔγγραφον
426 2965 737 3033 διαφυλάττεσθαι·
762 2966 878 3034 προθελς
901 2967 932 3017 δὲ
956 2966 1050 3033 ἀγῶνα
1074 2966 1153 3036 δημο·

151 3035 231 3120 τελή,
255 3035 298 3085 καὶ
317 3033 448 3101 κηρύξας,
470 3035 516 3084 καί
537 3033 600 3091 δοὺς
624 3031 716 3085 ἀδειαν
736 3037 793 3091 τοῖς
810 3033 896 3084 εῖδόσι
914 3034 958 3085 καλ
975 3034 1154 3098 βουλομένοις

150 3103 184 3153 τὰ
212 3100 321 3170 θμήρου
351 3102 564 3159 ἐπιδείκνυσθαι,
592 3103 636 3152 καὶ
660 3102 759 3164 μισθὸν
793 3099 877 3160 τάξας
903 3103 996 3172 στίχου
1028 3103 1152 3156 ἑκάστου

151 3170 258 3233 ὀβολόν,
278 3169 428 3238 συνήγαγεν
448 3169 610 3239 ὁλοσχερεῖς
628 3168 676 3227 τὰς
694 3169 789 3230 λέξεις,
807 3171 851 3220 καὶ
869 3171 1027 3239 παρέδωκεν
1041 3171 1154 3240 ἀνθρώ·

150 3256 208 3296 ποις
227 3239 320 3305 σοφοῖς
342 3236 386 3286 καὶ
403 3236 587 3315 ἐπιστήμοσιν.
623 3236 675 3289 Hic
699 3252 768 3290 unus
787 3244 827 3290 est
845 3254 860 3291 e
878 3237 1079 3304 Grammaticis,
1105 3240 1153 3306 qui

148 3308 257 3370 primum
276 3305 402 3369 exemplar
425 3323 442 3355 α
462 3305 596 3355 Ptsistrato
618 3316 740 3368 paratum
759 3304 857 3358 diserte
876 3305 1022 3360 confirmat.
1059 3308 1154 3361 Antea

150 3389 203 3425 non
222 3374 394 3440 scripturam,
418 3371 466 3423 scd
488 3372 566 3422 solam
584 3373 811 3424 διδασκαλίαν
830 3372 1025 3440 rhapsodorum
1043 3389 1152 3428 conscr-

150 3439 237 3492 vaudo
256 3440 375 3493 Homero
395 3438 541 3493 adhibitam
562 3454 620 3493 esso
645 3440 717 3494 dicit.
762 3440 828 3493 Tam
853 3442 952 3494 diserte
976 3442 1044 3496 hacc
1070 3458 1152 3497 nemo

151 3508 230 3562 docet
246 3515 355 3575 praetor
372 3507 530 3574 Iosephum;
548 3517 577 3560 at
595 3507 687 3562 eodem
706 3515 796 3562 tamen
814 3508 911 3564 docent
930 3525 1029 3563 omnes.
