2482 3960
507 284 685 341 ..79-

99 444 155 497 tur.
195 437 293 496 Etiam
312 437 386 494 hane
406 436 603 507 quaestionem
623 453 698 510 pono
717 442 838 508 tantum,
858 453 914 497 uon
934 442 1095 511 pertracto:

99 522 146 574 est
159 515 235 572 enim
248 515 404 572 immensae
418 513 567 584 materiae,
582 530 636 571 nec
648 514 813 572 necessaria
825 515 974 586 proposito
988 520 1095 573 nostro.

97 592 218 650 Interim
238 590 314 648 duae
332 606 379 648 res
399 589 446 647 hic
459 591 559 662 paucis
574 591 761 662 attingendae
774 596 849 661 sunt,
870 606 944 662 quae
958 592 1004 649 vel
1017 592 1096 649 solae

99 668 293 741 suspicionem
327 667 475 738 compagis
509 667 641 724 manibus
671 667 772 724 alienis
800 665 895 724 factae
921 668 951 724 in
974 673 1096 738 utroque

99 744 235 803 Carmine
254 749 458 801 commoveant.

178 819 307 878 Alterius
328 820 444 891 generis
467 824 533 876 sunt
553 819 711 877 eminentes
731 820 841 890 aliquot
854 826 884 877 et
896 820 1009 878 hiantes
1024 837 1098 879 com·
1111 827 1149 866 1³⁰

99 897 252 968 missuras,
272 912 342 967 quas
362 912 415 969 per
436 896 512 954 vices
533 896 702 967 saepissime
715 897 859 969 repetitae
872 897 1003 956 lectionis
1016 913 1099 969 repe·

99 975 160 1031 rire
173 973 244 1030 mihi
263 973 340 1031 risus
360 989 431 1045 sum,
453 978 483 1030 et
504 971 621 1030 easdem
642 979 672 1030 et
690 972 794 1030 iisdem
813 973 843 1028 in
861 973 942 1044 locis,
962 974 1046 1045 tales,
1066 979 1099 1031 ut

100 1066 151 1108 eas
171 1065 228 1108 non
247 1065 311 1106 cum
331 1049 423 1122 primo
444 1065 533 1121 opere
552 1046 632 1105 fusas
653 1049 704 1106 sed
723 1049 932 1120 posterioribus
946 1051 1022 1106 curis
1036 1050 1099 1108 illa-

100 1132 147 1185 tas
168 1142 242 1197 csse,
262 1125 312 1183 ubi
331 1142 388 1184 uno
408 1130 459 1182 aut
479 1126 573 1184 altero
595 1125 725 1196 exemplo
740 1124 982 1203 demonstrarem,
1002 1141 1099 1196 quem-

100 1204 144 1261 vis
164 1203 263 1273 statim
284 1217 493 1273 concessurum,
514 1217 566 1258 seu
579 1202 676 1273 potius
689 1202 783 1274 ipsum
795 1202 881 1274 plane
892 1217 1041 1259 sensurum
1054 1219 1099 1260 ar-

100 1280 201 1339 bitrer.
237 1279 300 1350 Qua
319 1279 349 1336 in
367 1294 400 1336 re
419 1278 444 1335 si
457 1294 511 1350 per
524 1283 569 1337 tot
582 1279 698 1335 saecula
710 1294 793 1337 nemo
807 1277 926 1337 offendit
940 1279 1100 1338 eruditissi-

101 1372 213 1415 morum
231 1356 385 1425 lectorum,
411 1369 498 1425 quum
521 1355 663 1412 nemiuem
687 1355 825 1413 mediocri
854 1356 984 1413 sollertia
1008 1356 1037 1412 in
1065 1372 1100 1413 ea

105 1433 253 1492 offendere
277 1448 334 1490 non
360 1447 445 1503 posse
468 1436 582 1504 putem,
607 1430 679 1488 hacc
704 1430 827 1490 fortasse
851 1448 909 1490 una
928 1448 1016 1489 causa
1036 1430 1099 1504 fuit,

105 1509 182 1580 quod
202 1514 345 1581 perpetua
371 1507 462 1565 series
484 1507 659 1578 Carminum‚
684 1512 745 1565 tum
765 1509 926 1580 praeconiis
946 1510 1099 1566 multorum

104 1586 277 1658 scriptorum
307 1589 367 1642 tum
398 1600 450 1641 sua
475 1584 572 1655 specie
596 1581 713 1655 fallens,
747 1587 807 1641 eius
832 1585 876 1641 rei
896 1585 1100 1656 cogitationem

104 1663 190 1734 longe
210 1660 369 1732 amovebat,
391 1666 421 1718 et
441 1661 509 1731 quia
528 1675 625 1718 omnes
645 1677 736 1733 prope
756 1666 860 1718 natura
880 1661 921 1718 sic
941 1662 1100 1733 comparati

104 1754 216 1810 sumus,
243 1742 277 1795 ut
301 1737 443 1796 dissoluta
468 1738 641 1808 coniungere
666 1736 800 1795 libentius
821 1754 906 1809 quam
926 1737 1024 1795 iuncta
1043 1737 1101 1795 dis·

101 1815 215 1874 solvere
235 1813 411 1872 studeamus.

185 1891 248 1962 Quo
277 1895 408 1962 tempore
435 1891 525 1962 igitur
549 1890 621 1948 baec
640 1890 762 1964 primum
782 1907 846 1949 cum
867 1891 965 1949 amicis
986 1890 1101 1961 quibus-

107 1966 177 2025 dam
196 1966 447 2038 communicabam,
467 1966 557 2039 probe
576 1968 699 2038 memini,
720 1973 857 2038 quantum
876 1969 918 2024 illi
938 1965 1102 2026 diffiderent

107 2042 320 2116 suspicionibus
345 2044 432 2114 meis,
456 2049 556 2113 totque
582 2045 761 2101 saeculorum
785 2044 1042 2116 praescriptionem
1072 2048 1102 2099 et

103 2120 252 2178 silentium
271 2125 458 2192 opponerent.
498 2118 601 2177 Paullo
621 2125 688 2191 post
707 2120 737 2175 in
756 2136 812 2177 uno
832 2120 959 2178 locorum
979 2119 1101 2190 illorum,

104 2197 211 2266 inquo
232 2201 361 2253 suturam
381 2195 558 2253 adventitiae
578 2197 649 2253 artis
669 2196 762 2252 latere
782 2195 944 2266 suspicatus
958 2211 1046 2266 eram,
1067 2210 1103 2253 ex

106 2273 256 2344 insperato
281 2273 489 2344 qualiscunque
517 2273 673 2329 auctoritas
697 2272 804 2328 veteris
825 2271 1011 2330 Grammatici
1037 2287 1103 2328 con-

112 2349 244 2407 iecturae
263 2365 346 2406 meae
366 2350 515 2406 succurrit.
555 2347 610 2405 Est
629 2349 654 2406 is
678 2348 757 2406 locus
777 2348 810 2406 ll.
831 2366 858 2403 σ.
880 2354 1051 2416 356-368.,
1070 2351 1103 2405 ut

110 2425 256 2483 lenissime
277 2425 380 2497 dicam,
399 2423 505 2498 frigide
526 2430 556 2482 at
575 2425 673 2497 inepte
693 2425 790 2483 iacens
810 2425 886 2482 inter
905 2441 952 2483 res
966 2425 1103 2483 Troiano·

104 2518 170 2559 rum
191 2502 423 2573 Graecorumque
444 2507 474 2559 et
493 2503 569 2559 inter
588 2501 720 2560 Thetidis
732 2501 886 2559 adveutum
898 2503 928 2559 in
942 2502 1102 2574 Olympum.

104 2577 152 2636 De
172 2578 235 2636 istis
256 2578 386 2636 versibus
406 2578 436 2636 in
456 2578 682 2636 accuratioribus
704 2578 824 2636 scholiis
844 2579 932 2650 longa
945 2578 1103 2650 disputatio

104 2659 244 2727 excerpta
264 2660 309 2712 cst
327 2655 470 2713 Zenodori
489 2654 645 2727 cuiusdam,
666 2655 742 2712 unde
754 2656 940 2728 praecipuum
961 2654 1037 2726 quod
1051 2653 1154 2712 tol-1³1

108 2731 175 2802 lam,
197 2731 252 2789 hoc
273 2736 326 2802 est,
348 2747 396 2790 eos
410 2747 509 2789 versus
523 2748 580 2789 uon
592 2747 627 2788 ex
640 2731 751 2804 vulgari
763 2732 994 2804 interpolatione,
1019 2745 1104 2788 neca

108 2807 305 2866 Grammatico
325 2808 431 2879 aliquo,
451 2806 503 2864 sed
517 2807 647 2879 oprimis
661 2805 882 2870 διασκευασταῖς
895 2807 1005 2864 duabus
1019 2806 1105 2878 rhap-

109 2882 200 2942 sodiis
220 2882 371 2942 nectendis
391 2883 520 2942 adiectos
542 2882 658 2951 essem).
691 2882 787 2953 Atque
808 2882 936 2940 eiusdem
955 2881 1033 2940 modi
1047 2898 1104 2939 em·

182 3080 218 3142 ⁹⁷)
238 3077 471 3141 Διεσκευασμένον
496 3081 591 3130 τοῦτον
615 3077 662 3129 τὸν
687 3077 776 3129 τόπον.
812 3075 853 3128 De
879 3074 930 3130 hoc
947 3075 1028 3129 verbo
1048 3075 1103 3125 δια-

107 3147 261 3209 σκευάζειν,
280 3144 352 3215 quod
369 3145 439 3199 male
457 3146 561 3212 accepit
578 3144 647 3198 Mer.
666 3143 778 3198 Gasaub.
795 3142 828 3196 de
846 3142 924 3197 Hom.
943 3141 1005 3197 edit.
1017 3142 1103 3196 Hack.

108 3214 329 3336 pillssldiffiollect.
347 3211 593 3334 {lmeffrfflauQ
612 3228 675 3292 mox
691 3210 847 3333 νίἀῖὴίωιιὲ,
864 3208 1104 3331 ᾱὸἱὶιρὲίουῦιὲιιηᾶθ

106 3298 368 3406 islialckercrlrilrlilis’in
380 3287 744 3428 (ilrissyrdlufftl’lrliffiue'diltlg
760 3295 786 3415 plis
798 3293 889 3425 Θ13’ῗ.,ο
904 3293 976 3424 <nerim
986 3294 1105 3399 0Bamlielil.

110 3416 252 3486 Excerpta
273 3418 349 3474 Mss.
372 3415 440 3470 mhil
457 3423 524 3471 certi
542 3416 707 3482 attulerant)
724 3430 795 3468 nnnc
812 3429 840 3466 1n
852 3412 950 3491 ⁵ord-me
967 3413 1105 3482 vulgatum

67 3527 70 3530 ⁴
111 3501 148 3539 ex
164 3485 232 3539 Van.
249 3486 280 3540 B.
317 3486 370 3541 Sed
386 3484 431 3537 hic
449 3483 476 3538 in
493 3484 586 3552 primis
603 3483 786 3538 desideramus
803 3486 981 3549 antiquiorem
997 3483 1031 3536 A.
