2482 3960
583 294 761 350 ...18-

172 442 266 501 adhuc
279 442 389 501 collatis
405 441 489 501 codd.
503 440 757 515 praeterVindob.
773 442 887 503 cxvss.
902 449 940 517 et,
961 445 1037 516 quod
1050 446 1175 506 maxime

171 519 287 591 mirere,
307 519 338 576 in
357 519 421 592 ipso
435 517 548 578 Veneto
567 517 689 577 offertur
709 519 772 577 sine
791 520 884 580 obelo.
903 520 979 580 Nam
991 523 1174 596 sententiam,

172 611 230 666 qua
249 610 281 653 sc
293 593 468 668 Polydamas
482 611 547 653 cum
560 594 687 654 Hectore
702 601 860 669 comparat,
880 596 936 656 isto
956 614 1042 656 versu
1054 599 1174 673 illepide

173 671 251 739 ultra
270 671 451 744 propositum
470 671 557 743 trabi,
577 668 661 730 facile
675 671 794 730 sentias.
814 671 855 731 At
868 674 965 744 paullo
979 674 1116 735 disertior
1129 681 1175 735 est

172 763 374 819 nonnunquam
386 747 530 806 Homerus
550 763 636 820 quam
651 749 796 807 sententia
808 750 946 822 postulat,
967 767 1061 822 neque
1074 751 1124 810 ille
1138 767 1175 810 ex

171 821 286 895 frigidis
306 824 416 895 regulis
436 825 597 896 castigatae
617 825 800 896 eloquentiae
821 825 992 886 iudicandus
1012 835 1066 886 est
1098 827 1175 900 erid

172 901 282 959 multa?
309 900 433 966 Versum
452 900 624 960 Eustathius
644 917 697 962 suc
718 901 782 960 loco
801 903 1023 974 praetermittit3
1052 921 1118 963 mox
1139 919 1175 963 ex

173 978 385 1036 commentariis
405 983 535 1036 veterum
555 983 669 1049 namot,
697 974 870 1036 fabricatum
894 995 958 1038 esse
983 996 1002 1038 a
1026 978 1174 1040 Zenodoto

172 1053 303 1113 Mallote.
345 1054 403 1113 Gur
425 1070 494 1126 ergo
514 1054 582 1112 huic
600 1053 698 1112 versui
718 1055 784 1128 plus
804 1055 985 1114 auctoritatis
1004 1056 1174 1130 tribuamus,

173 1145 258 1201 quam
284 1131 327 1188 illi
348 1130 528 1190 Dioscoridis
547 1131 715 1202 Isocratici‚
745 1146 831 1202 quem
848 1129 1016 1191 Athenaeus
1035 1133 1057 1190 I.
1078 1149 1106 1205 p.
1129 1139 1173 1192 11.

172 1207 207 1264 A.
229 1205 328 1277 affert,
354 1213 421 1278 post
441 1227 450 1262 ι
471 1207 555 1278 119.‘,
575 1207 622 1266 vel
641 1206 807 1278 ubicunque
831 1209 971 1280 assueris,
995 1208 1174 1270 incommodo

173 1289 204 1340 et
222 1284 331 1355 inepto,
760 1316 763 1320 Δ
786 1311 790 1318 ·

136 1404 160 1442 31
189 1411 194 1420 ·
336 1368 446 1452 Ἥυῖνῳ
462 1371 592 1451 μεθύων,
611 1370 676 1453 ἧμ·
697 1369 827 1453 ἔβλαψαν
847 1376 911 1435 decl
930 1374 1019 1452 αὐτοί,

174 1475 225 1528 aut
245 1467 370 1528 Cratetis
389 1469 456 1527 huic
484 1469 562 1542 apud
581 1469 767 1529 Plutarchum
787 1471 825 1529 de
844 1471 914 1530 Fac.
934 1473 963 1530 in
983 1472 1052 1545 orbe
1072 1473 1173 1531 Lunae

175 1565 195 1620 p
215 1553 279 1606 938.
300 1545 347 1618 D,
369 1553 436 1618 post
463 1543 567 1614 ξ.146.
588 1545 713 1616 adiecto,

302 1636 440 1717 Ἀνδράσιν
460 1636 512 1717 ἡδὲ
533 1637 627 1706 θεοῖς·
646 1639 778 1720 alachi-pa
798 1637 845 1715 aa?
864 1645 946 1718 γαῖαν
966 1639 1045 1720 ἵησιν,

175 1741 225 1794 aut
244 1734 385 1795 similibus
408 1733 486 1808 apud
506 1734 579 1793 alies
599 1735 796 1794 conservatis?

552 1915 696 2024 'u

251 2083 338 2142 Haud
348 2083 408 2144 seio
421 2099 459 2142 an
471 2083 517 2142 his
530 2082 712 2155 vulgaturum
724 2081 880 2142 lectionum
895 2086 925 2139 ct
939 2081 1066 2141 sordium
1081 2098 1175 2142 exem·

175 2161 231 2233 plis
255 2162 432 2233 aliquantum
452 2159 488 2218 de
507 2159 618 2234 vulgati
641 2164 738 2217 textus
760 2159 856 2231 gratia
868 2158 946 2232 apud
959 2158 1086 2216 homines
1099 2160 1175 2217 recti

176 2237 276 2295 iudicii
296 2236 480 2296 detraxerim.
513 2236 661 2310 Exemplis
681 2240 762 2293 certe
782 2235 836 2293 bac
855 2235 886 2292 in
905 2250 938 2292 re
957 2235 1022 2308 plus
1044 2232 1175 2308 efficitur,

177 2330 262 2384 quam
282 2313 327 2384 iis,
349 2328 423 2384 quae
443 2313 481 2370 de
503 2329 538 2371 ea
558 2312 728 2386 gravissime
742 2327 831 2383 saepe
845 2311 875 2367 in
888 2311 1051 2368 universum
1060 2327 1177 2369 monue-

131 2420 134 2425 ‹
177 2396 245 2447 runt
263 2388 319 2445 viri
340 2388 508 2448 doctissimi.
529 2387 651 2447 Pr0bari
670 2387 729 2444 ista
749 2387 854 2457 solent,
874 2384 943 2444 dum
955 2387 1106 2458 leguntur3
1125 2388 1178 2446 ubi

177 2464 296 2523 adrem
316 2469 501 2537 praesentem
520 2471 636 2523 ventum
657 2468 710 2534 est,
731 2462 809 2520 redit
828 2463 906 2520 iners
926 2463 1103 2537 superstitio.
1136 2463 1177 2522 Et

177 2543 207 2599 in
224 2540 352 2600 Homero
367 2540 483 2613 quidem
503 2557 539 2598 ea
556 2538 726 2612 superstitio
744 2555 863 2611 magnos
878 2545 1016 2613 patronos
1034 2538 1122 2598 habet
1135 2540 1177 2597 in·

177 2624 224 2676 ter
242 2619 321 2691 ipsos
342 2623 465 2689 veteres,
488 2634 524 2676 ex
543 2616 646 2689 quibus
657 2632 730 2673 unus
751 2631 822 2687 prae
838 2617 942 2674 ceteris
956 2617 1121 2688 ingeniosus
1132 2622 1178 2675 est

177 2693 364 2766 Lucianus4).
403 2694 431 2751 Is
453 2699 569 2768 poetam
589 2694 683 2766 ipsum
703 2691 783 2765 apud
803 2689 910 2751 inferos
930 2693 1139 2764 interrogatum
1159 2709 1178 2751 a

178 2788 210 2830 se
230 2771 267 2829 de
286 2772 323 2829 iis
336 2771 476 2843 versibus,
498 2771 547 2842 qui
567 2767 1067 2838 11111111ἰοί111011111111111111111,
1087 2766 1179 2829 refert

180 2847 348 2921 simpliciter
366 2847 560 2921 respondisse,
580 2865 671 2902 omnm
690 2865 755 2901 snos
775 2865 837 2900 esne.
865 2845 927 2916 Quo
946 2860 1085 2918 responso
1105 2850 1178 2903 tam·

180 2926 236 2983 etsi
260 2925 453 2997 perhumanus
480 2940 567 2983 senex
590 2939 647 2982 non
670 2922 727 2980 nisi
755 2938 804 2980 eos
830 2937 930 2979 versus
954 2921 1107 2993 agnovisse
1125 2938 1178 2994 pu·

179 3001 285 3059 tandus
307 3007 359 3072 est,
381 3016 455 3072 quae
476 3006 544 3059 ante
563 3000 618 3061 hoc
637 3016 720 3057 suum
741 3014 806 3056 cum
818 2998 948 3058 Lucieno
962 2997 1135 3069 colloquium
1148 2997 1179 3055 in

180 3076 309 3135 ordinem
329 3078 440 3150 recepti
461 3082 572 3147 essent,
598 3077 641 3134 uti
660 3073 857 3134 Zenodoteum
876 3075 970 3147 illum,
997 3090 1082 3146 quem
1101 3073 1179 3131 idem

180 3154 324 3212 Lucienus
350 3170 406 3212 non
431 3154 552 3213 obscure
572 3152 678 3226 probat
696 3152 726 3208 in
746 3151 803 3209 alio
823 3150 964 3222 libello⁵):
1004 3158 1180 3209 tamennon

142 3230 318 3302 caridemus,
340 3246 429 3302 quare
448 3247 505 3289 non
519 3229 621 3289 eadem
635 3228 743 3301 optima
758 3228 930 3286 auctoritate
943 3227 1069 3298 reliquas
1081 3242 1178 3285 omnes

181 3307 340 3365 alienarum
364 3323 499 3365 manuum
526 3305 704 3365 adiectiones
731 3310 761 3362 et
785 3305 865 3362 lusus
892 3309 922 3363 et
947 3303 1018 3363 vitia
1037 3308 1178 3374 tucamur,

250 3503 274 3570 4)
291 3501 378 3556 Verue
396 3501 466 3555 Η111.
483 3500 529 3566 11.,
546 3503 587 3553 20.
605 3514 632 3568 p.
653 3499 709 3552 117.
754 3499 778 3564 ⁵)
794 3496 835 3550 De
854 3495 947 3552 Saltat.
966 3500 1007 3552 23.
1026 3512 1053 3564 p.
1072 3500 1131 3550 282.
