2482 3960
566 324 601 335 ..
636 299 742 388 ⁶⁸.-

152 445 302 504 nisterium
321 462 456 505 manuum
476 451 506 503 et
525 445 725 518 instrumenta,
747 444 850 517 quibus
869 445 920 504 illa
939 452 1044 508 notata
1059 451 1159 524 aliquo

152 520 252 593 modo,
278 523 376 582 statim
401 523 487 594 uulgo
512 526 564 580 aut
583 521 686 581 saltem
706 521 806 593 paucis
826 519 1017 583 familiaribus
1038 525 1158 601 integra

100 605 139 645 112
151 596 344 656 traderentur.
383 599 418 658 ld
442 598 585 673 Homerus
611 596 725 656 efficere
748 614 806 656 non
830 600 975 672 potuisset
994 604 1084 658 &cem
1105 607 1157 660 lin·

151 675 225 745 perc,
254 677 350 745 ferrea
380 694 442 732 occe
473 679 503 733 et
528 676 616 730 amar
640 673 826 746 lateribas⁸³);
850 675 898 733 hic
916 676 974 748 ipsi
998 679 1155 752 graphium

152 765 224 823 opus
245 758 309 809 erat
329 756 359 810 et
377 751 503 811 tabulae.
544 751 639 823 Quid?
661 750 746 823 quod,
775 751 800 809 si
820 749 897 811 forte
914 752 960 810 his
981 752 1155 826 instructus,

151 842 224 884 unns
243 827 274 884 in
293 829 410 888 saeculo
430 845 495 901 suo,
520 827 614 887 Iliada
639 832 669 885 et
696 827 856 899 Odysseam
881 828 936 887 hoe
960 833 1063 889 tenore
1091 848 1157 906 per-

152 903 303 976 tenuisset,
323 905 354 963 in
374 911 536 964 ceterarum
553 904 800 979 opportunitatum
819 905 941 977 penuria
959 905 1068 965 similes
1088 909 1157 968 illse

150 975 274 1038 fuissem
292 981 404 1054 ingenti
424 982 555 1054 navigio,
581 979 658 1053 quod
680 981 743 1052 quis
764 980 793 1037 in
812 981 906 1052 prima
924 980 1055 1041 ruditate
1075 986 1156 1044 navi·

152 1056 275 1128 gationis
289 1055 446 1116 fabricatus
471 1058 501 1115 in
522 1059 585 1118 loco
598 1056 820 1129 mediterraneo,
840 1057 979 1116 machinis
993 1059 1155 1132 etphalau·

151 1132 195 1206 gis
216 1132 254 1192 ad
273 1134 510 1206 procudendum,
531 1139 619 1207 atque
640 1132 713 1192 adeo
733 1134 807 1191 mari
827 1139 949 1206 careret,
975 1135 1008 1192 in
1027 1151 1087 1207 qno
1107 1154 1155 1196 ex·

149 1209 341 1282 perimentum
361 1227 432 1268 snae
452 1211 524 1268 artis
545 1216 671 1282 caperet.
711 1209 777 1268 Non
798 1209 1040 1284 commemorabo,
1064 1229 1154 1284 quem
1188 1228 1191 1233 ·

150 1290 219 1359 apte
243 1286 302 1343 sint
324 1286 354 1344 in
374 1286 485 1344 artibus
506 1284 683 1345 Graecorum
703 1300 801 1344 omnes
822 1285 930 1358 padus
951 1291 980 1345 et
999 1303 1152 1349 successus

149 1361 217 1419 nexi
236 1362 312 1420 inter
333 1378 365 1420 se
386 1362 486 1421 etalii
506 1363 571 1420 aliis
582 1361 766 1435 praemuniti,
786 1367 828 1432 ut,
848 1378 899 1419 eur
912 1363 1035 1435 quisque
1048 1380 1155 1438 sequa·

150 1442 199 1496 tur
218 1436 364 1511 deinceps,
386 1454 421 1497 ex
440 1439 590 1512 superiore
610 1438 657 1497 via
677 1443 707 1497 et
728 1439 928 1498 antecessione
941 1455 1098 1501 causarum
1110 1443 1152 1501 in·

151 1513 246 1586 telligi
263 1516 365 1588 possit.
404 1515 538 1589 Exempli
559 1514 663 1588 gratia,
683 1530 805 1586 pronum
824 1512 880 1573 fuit
897 1515 1013 1587 ingenio
1028 1516 1152 1593 Graeco,

151 1605 186 1648 ex
200 1592 290 1664 epicis
310 1589 422 1656 ἀοιδαῖς
447 1592 586 1651 mutanda
610 1589 702 1650 forma
728 1606 826 1649 serere
852 1592 994 1650 scenicam
1013 1589 1153 1668 fabulam,

150 1673 181 1726 et
204 1665 322 1727 fastidio
347 1667 481 1741 quodam,
501 1674 534 1727 ut
552 1668 594 1742 fit,
621 1667 749 1726 eiusdem
769 1667 930 1726 cantilenae
950 1683 999 1740 ea,
1025 1684 1104 1740 quae
1122 1672 1152 1729 iu

150 1743 207 1800 illis
227 1749 347 1803 narrata
366 1750 458 1817 erant,
478 1746 610 1818 personis
631 1742 754 1803 dicenda
774 1743 855 1816 dare,
874 1744 1038 1815 quasiante
1050 1748 1151 1807 oculos

150 1825 321 1892 agerentur:
347 1819 422 1878 illud
447 1821 552 1879 nullius
579 1821 710 1879 nationis
737 1820 854 1894 iugenio
878 1819 985 1879 factum
1010 1827 1070 1894 est,
1096 1839 1151 1882 uec

149 1895 244 1968 potuit
253 1894 325 1969 fieri,
336 1902 368 1956 ut
379 1897 442 1969 quis
453 1897 491 1956 ad
501 1898 589 1956 telem
599 1897 698 1955 ludum
708 1897 839 1968 prodiret
849 1897 910 1955 sine
924 1898 1150 1973 spectatoribus,

149 1977 200 2030 aut
218 1972 369 2045 longitudo
390 1974 451 2032 eius
471 1975 548 2033 ultra
569 1981 671 2046 15,000
697 1989 798 2032 versus
819 1978 994 2032 excurreret.
1034 1973 1150 2035 Eodem

148 2054 235 2123 pecto
255 2051 281 2108 si
299 2049 425 2110 Homero
444 2051 568 2110 lectores
589 2051 719 2122 deerant,
739 2050 825 2122 plane
838 2066 895 2108 non
908 2065 1057 2124 assequor,
1079 2051 1149 2124 quid

148 2126 265 2185 tandem
286 2143 350 2185 eum
370 2127 519 2201 impellere
533 2128 678 2201 potuisset
690 2127 720 2184 in
734 2125 883 2185 consilium
897 2131 927 2184 et
940 2126 1149 2199 cogitationem

148 2209 208 2262 tam
227 2204 377 2277 longorum
399 2211 428 2262 et
448 2205 582 2264 continuo
596 2204 723 2278 partium
736 2219 813 2260 nexu
825 2207 1023 2261 consertorum
1038 2203 1149 2265 carme

147 2297 225 2338 num.
246 2279 367 2352 Saepius
389 2281 490 2340 eadem
509 2287 626 2355 repeto:
647 2280 700 2338 sed
719 2278 877 2338 identidem
897 2279 1091 2351 repetendum
1104 2287 1150 2341 est

5 2355 7 2360 '
98 2369 135 2410 ns
147 2355 220 2413 illud
244 2375 336 2426 porra,
364 2357 445 2414 cuius
472 2373 508 2415 ex
533 2358 598 2429 ipsa
616 2356 742 2414 humana
760 2361 864 2414 natura
883 2355 928 2412 vis
948 2360 1032 2414 tanta
1051 2362 1100 2416 est
1119 2364 1150 2417 et

147 2431 356 2489 firmamentum
387 2448 491 2491 causae
506 2438 642 2502 noemae,
666 2438 712 2504 ut,
736 2432 792 2490 nisi
811 2430 884 2489 illud
902 2432 1034 2504 tollatur,
1063 2448 1152 2495 nemo

148 2508 212 2566 aliis
233 2505 459 2580 difficultatibus,
480 2509 583 2579 quibus
604 2524 640 2567 ea
652 2507 778 2568 fortasse
791 2508 907 2567 laborat
918 2509 1059 2582 plurimis,
1080 2510 1150 2584 sup

149 2591 180 2642 et
198 2583 348 2643 sollicitari
368 2581 526 2656 debente).
1010 2577 1024 2601 ⁴

215 2726 250 2794 ³³)
268 2726 306 2780 11:
317 2726 346 2791 s.
364 2730 423 2782 sse.

215 2811 251 2881 84)
268 2812 344 2867 lacta
370 2818 411 2866 est
437 2812 505 2880 alea,
532 2812 567 2866 ad
597 2828 678 2893 quam
706 2818 779 2868 certe
797 2829 851 2868 uon
868 2815 1016 2881 imparatus
1034 2816 1148 2871 accessi.

148 2879 311 2949 superstites
328 2881 417 2936 adhue
433 2886 502 2949 sunt,
521 2883 560 2948 (et
578 2887 681 2935 utmam
698 2881 745 2935 diu
754 2881 808 2936 sint
814 2881 832 2950 l)
850 2881 1083 2950 memineruntque
1093 2882 1148 2938 for-

146 2953 218 3002 tasse
228 2949 280 3003 duo
290 2948 476 3004 litteratissimi
485 2948 543 3017 viri,
553 2948 618 3017 quid
628 2965 678 3018 ego
687 2950 764 3004 annm
772 2951 838 3005 1780
845 2954 872 3002 et
880 2951 943 3004 1781
955 2950 1042 3019 [1779.
1051 2949 1148 3005 Briefe

146 3015 281 3085 anHeyne
287 3033 314 3084 p.
322 3021 389 3086 1244
396 3016 430 3071 de
439 3017 491 3071 hac
499 3031 528 3070 re
535 3032 625 3071 secum
631 3025 659 3070 et
664 3016 830 3072 sermonibus
841 3016 972 3071 etlitteris
978 3017 1088 3085 egerim.
1101 3019 1147 3074 Ab

146 3083 192 3138 illo
208 3084 270 3138 inde
292 3090 413 3153 tempore
431 3085 466 3139 ad
478 3085 544 3140 alias
556 3100 634 3140 curas
643 3084 788 3153 digressus,
806 3099 867 3139 raro
881 3084 948 3137 mibi
960 3084 1146 3141 interemisse

145 3166 241 3273 gaesus
258 3168 317 3207 sum
325 3152 436 3207 verbum
448 3153 572 3208 excidere
599 3169 652 3221 quo
666 3152 801 3207 silentium
810 3158 839 3206 et
848 3151 980 3206 firmatam
992 3151 1146 3231 opinionem

164 3226 284 3275 cetorum
312 3220 519 3289 interpellarem.
553 3191 644 3274 litium
670 3220 699 3273 in
715 3219 944 3300 praelectionibus
960 3234 1027 3274 mers
1045 3221 1146 3277 multos

145 3302 228 3342 annos
245 3289 366 3343 imitatus
383 3305 442 3343 sum
459 3288 622 3357 interpretes
640 3287 776 3343 doctrinae
795 3303 887 3343 sacrae
930 3287 976 3356 qui
993 3286 1144 3343 edictorum

144 3361 219 3409 metu
235 3357 323 3412 territi
339 3373 392 3413 non
409 3357 437 3410 id
456 3356 560 3423 docent,
579 3356 651 3424 quod
669 3355 776 3410 sibimet
793 3356 859 3424 ipsis
876 3327 974 3425 placet,
1003 3356 1052 3411 sed
1068 3357 1144 3425 quod

145 3423 275 3479 ecclesiae
293 3425 360 3480 olim
380 3440 414 3480 ex
431 3429 486 3479 tem
506 3438 552 3478 ore
569 3423 738 3492 probandum
755 3424 875 3493 praescri
894 3431 952 3479 tum
970 3430 1026 3490 est3
1052 3439 1142 3494 neque

144 3489 251 3558 publice
269 3492 414 3562 quidquam
434 3491 467 3547 de
485 3439 696 3548 dubitationibus
712 3492 772 3547 istis
788 3491 866 3561 prodi
888 3493 903 3546 ’.
922 3490 1045 3560 Reposui
1062 3507 1142 3561 prae·
