2482 3960
484 314 663 367 ..53-

77 458 121 518 Ac
139 456 268 532 profecto
287 459 312 516 si
332 459 418 518 aliter
437 475 469 517 se
486 476 534 518 res
552 460 673 519 haberet
693 460 722 517 in
739 460 902 533 posteriore
924 462 997 532 loco,
1018 476 1074 518 non

77 543 187 594 temere
206 536 232 594 is
246 536 332 593 alicui
346 537 505 609 suspicioso
518 537 710 611 interpolatus
724 538 770 594 vel
784 537 978 609 aliquomodo
993 538 1075 595 vitia-

76 618 124 670 tus
144 611 238 670 videri
257 617 366 684 posset.
407 613 488 684 Quae
509 615 634 686 suspicio
655 630 742 686 quum
762 615 855 685 ipsam
875 615 1001 686 speeiem
1022 615 1075 673 tol·

74 689 151 747 leret
170 689 281 760 vulgati
299 690 386 747 moris
406 690 577 761 litterarum,
599 691 737 763 (speeiem
758 691 823 748 dieo
836 694 917 747 auiae
931 693 1075 760 exemplum

76 767 226 836 metulae)
257 765 421 836 nullumque
447 767 525 838 apud
551 773 666 838 poetam
692 767 847 839 vestigium
872 783 971 826 earum
990 767 1076 824 relin-

75 845 194 912 queret3
214 840 285 899 nihil
305 843 419 901 omnino
432 843 572 915 praesidii
585 848 753 916 superesset
764 845 926 902 contrariae
939 843 1075 916 opinioni,

78 917 139 975 nisi
159 933 194 974 ex
214 918 278 990 ipsa
297 919 352 976 hac
371 925 453 977 tanta
471 919 652 992 longitudine
673 919 794 978 duorum
809 919 980 991 (terminum,
1001 935 1075 991 quae
1089 931 1113 969 ss

76 993 157 1052 nullo
182 993 267 1053 modo
293 993 431 1054 credibile
457 996 591 1056 videatur
616 998 678 1054 sine
703 997 780 1054 illins
806 997 878 1054 artis
899 997 1005 1055 aumlio
1025 1001 1076 1053 aut

78 1067 179 1142 perfici
198 1077 249 1128 aut
263 1071 301 1129 ad
314 1073 517 1143 posteritatem
531 1073 616 1145 prodi
628 1073 766 1146 potuisse.
799 1072 845 1130 Ea
858 1079 954 1130 antem
967 1073 1076 1130 ratiun-

80 1147 147 1204 cula
171 1162 257 1218 quam
281 1148 353 1206 levis
380 1149 419 1208 sit
439 1156 469 1206 et
489 1149 589 1221 primis
609 1148 722 1221 legibus
741 1149 880 1208 historiae
899 1164 1074 1222 repugnans,

79 1223 159 1281 docti
178 1222 345 1295 indoctique
365 1226 468 1283 sciunt.

154 1299 216 1357 Iam
236 1315 304 1358 vero
321 1311 381 1360 ‘non
399 1301 484 1361 modo
504 1302 613 1361 nullum
632 1304 692 1362 tale
706 1302 871 1362 inHomero
886 1307 981 1362 exstat
994 1302 1075 1360 testi·

59 1375 205 1433 ¹monium
224 1377 269 1433 rei
289 1378 335 1434 vel
355 1379 518 1451 vestigium,
538 1380 646 1437 nullum
659 1396 696 1438 ne
717 1380 948 1438 tenuissimorum
959 1379 1074 1450 quidem

77 1452 224 1509 initiorum
235 1452 383 1525 legitimae
394 1456 555 1528 scripturae
564 1457 611 1514 vel
622 1455 741 1515 Cadmei
750 1457 918 1528 muneris50)
930 1456 1073 1525 indicium,

79 1527 141 1600 sed,
162 1527 239 1600 quod
257 1530 343 1601 longe
359 1532 475 1589 maximi
488 1533 625 1590 momenti
638 1539 691 1602 est,
712 1534 857 1592 contraria
871 1534 958 1592 etiam
971 1533 1073 1591 omnia.

77 1604 229 1676 Nusquam
241 1606 411 1664 vocabulum
424 1610 496 1678 libri,
516 1625 656 1680 nusquam
675 1612 815 1681 scabendi,
834 1625 974 1682 nusquam
988 1611 1075 1663 lectio-

78 1681 131 1752 oio,
152 1697 291 1752 nusquam
311 1683 521 1755 litteraram⁵¹):
542 1686 613 1743 nihil
631 1685 662 1742 in
680 1690 725 1745 tot
743 1685 868 1744 millibus
889 1701 1023 1743 versuum
1037 1683 1074 1741 ad
1087 1693 1112 1731 ³⁹

145 1874 181 1939 ⁵⁰)
199 1872 311 1940 Semper
327 1871 392 1924 mihi
409 1870 523 1925 maxime
535 1871 631 1924 mirum
643 1870 788 1933 visumst,
806 1870 852 1939 qui
863 1869 923 1924 fieri
933 1870 1073 1937 potuisset,

78 1939 102 1993 si
120 1939 212 1994 fabula
228 1941 281 1994 ista
299 1939 331 1994 dc
349 1938 448 1994 Cadmo
466 1946 522 1992 tam
539 1944 646 1992 vetusta
663 1944 734 1992 essct
751 1953 831 2004 qnam
848 1939 949 2004 volunt,
967 1943 998 1990 ut
1015 1953 1074 1991 eam

76 2012 119 2062 tot
133 2007 230 2062 Graeci
247 2012 345 2076 poetae
362 2023 470 2075 prorsus
488 2007 616 2060 intactam
633 2006 823 2073 relinquerent.
853 2005 885 2059 Id
902 2020 966 2058 veru
979 2004 1074 2058 fecisse

76 2090 178 2144 omnes,
195 2091 249 2129 non
265 2076 344 2131 modo
363 2090 417 2142 eos,
442 2090 508 2142 quos
526 2074 614 2128 adhuc
631 2073 659 2126 in
676 2073 798 2127 manibus
815 2073 952 2139 habemus,
976 2071 1073 2140 signifi-

75 2148 140 2197 cant
162 2143 239 2199 nobis
262 2143 368 2197 silentia
389 2149 529 2210 poetarum
547 2141 705 2194 Latinorum
728 2147 755 2194 et
772 2142 797 2193 A
818 2139 942 2207 ollodori,
970 2142 1015 2208 qui
1040 2154 1074 2192 ex

75 2210 201 2279 mythieis
216 2211 304 2279 poetis
321 2211 495 2265 celeberrima
513 2224 635 2277 quaeque
653 2209 721 2262 colle
742 2208 769 2261 't
831 2214 856 2262 st
872 2208 924 2261 hoe
941 2223 973 2261 eo
991 2207 1074 2261 admi-

75 2278 197 2348 rabilius,
215 2280 287 2347 quod
304 2280 408 2347 reliqua
425 2278 537 2331 historia
554 2276 647 2331 Cadmi
664 2276 728 2331 nobi
738 2276 834 2330 issimis
851 2275 949 2330 fabulis
966 2290 1072 2329 eausam

76 2344 159 2400 dedit.
193 2348 289 2416 ltaque
306 2353 410 2401 tantum
429 2352 502 2401 certe
520 2361 555 2398 ex
572 2360 605 2399 ea
621 2360 651 2398 re
669 2343 846 2412 colligendum
858 2349 938 2411 essct,
959 2344 1074 2399 obseura

76 2414 224 2483 primordia
242 2416 308 2470 artis
325 2431 375 2484 per
393 2415 471 2482 plura
482 2413 589 2467 saccula
599 2412 731 2466 neminem
743 2413 920 2481 mythicomm
932 2418 1073 2480 poetarum

75 2481 113 2536 ad
130 2483 278 2538 ornandum
296 2483 353 2537 eius
370 2488 507 2538 auctorem
526 2483 644 2536 excitare
661 2482 790 2548 potuisse.
824 2480 925 2535 Verum
942 2480 1028 2548 magis
1045 2480 1073 2533 in

74 2557 203 2620 promptu
220 2548 364 2606 erit'recta
375 2551 452 2616 ratio,
471 2550 493 2603 si
510 2550 569 2618 ipsa
587 2550 632 2603 illa
643 2549 790 2620 primordia
802 2549 874 2618 apud
885 2549 1003 2604 Graecos
1019 2563 1073 2601 non

76 2618 170 2687 priora
187 2618 296 2672 fuerunt
315 2618 422 2673 saeculo
439 2619 486 2672 IX.
506 2625 568 2672 ante
586 2618 647 2672 Chr.

126 2771 132 2782 Ι
163 2705 199 2783 ⁵¹1)
225 2704 267 2784 De
281 2702 364 2782 verlro
380 2704 498 2771 γράφειν
517 2704 582 2756 satis
600 2703 766 2782 dictumest.
801 2701 859 2756 Nus
878 2701 1018 2780 numida
1038 2701 1075 2755 ud

75 2776 242 2839 antrqmores
259 2771 319 2825 illos
336 2770 408 2824 idem
424 2772 509 2839 valet,
535 2769 607 2838 quod
629 2770 692 2823 rnde
710 2769 744 2823 ab
761 2719 896 2838 AesonJio
914 2776 942 2822 et
958 2769 1008 2823 Pru
1044 2785 1074 2824 ro

74 2839 187 2908 vulgare
205 2845 254 2893 est.
288 2838 412 2892 Deducta
429 2838 490 2892 inde
508 2839 624 2905 nomina,
641 2838 737 2908 γραφή
756 2843 783 2889 et
800 2839 922 2906 γράμμα,
940 2836 999 2902 ipsa
1011 2852 1075 2904 quo-

76 2921 129 2975 qne
148 2913 210 2960 sunt
228 2906 385 2976 posteriora.
420 2907 592 2960 Annotarunt
608 2905 662 2959 hoc
677 2913 785 2958 veteres
802 2906 829 2957 in
847 2904 906 2982 loco
924 2903 970 2957 illo
987 2905 1074 2971 Hom,

76 2974 126 3029 ubi
149 2989 195 3028 eos
222 2979 298 3043 σῆμα
321 2980 364 3028 ter
385 2974 502 3042 positum
520 2972 639 3028 offendit.
676 2971 850 3026 Variaturum
867 2971 949 3025 fursse
966 2977 1075 3039 poetam

76 3042 218 3162 pluzt‘abaznt,
236 3043 259 3096 si
277 3042 323 3096 illa
340 3042 453 3161 ailnota
467 3042 591 3162 {mssseffi‘
605 3040 752 3160 „Eusteatn
771 3041 821 3126 ¹5⁰·
843 3036 876 3092 Τὸ
893 3041 1008 3160 muana
1026 3040 1074 3158 oga

76 3128 376 3304 }5}¹:⁰;f;⁰;}r2{f⁶go
392 3127 453 3230 rm
481 3130 515 3230 {a
533 3108 685 3248 ἶρὶέυεῖῑε
703 3110 1027 3255 ντὸχρσηῆῖιειιι’,κῖπιμῖίῗαςὴ
1040 3127 1076 3296 τὲ

92 3264 107 3297 8
125 3263 151 3298 Ε(
186 3263 212 3298 ta
231 3264 247 3299 Τ

75 3313 215 3371 Erinnam.
250 3312 345 3381 Neque
364 3315 526 3382 ἀναγνῶναι,
552 3316 642 3382 tepere,
666 3316 714 3366 aut
732 3311 816 3365 simile
835 3311 944 3378 aliquid,
967 3309 1005 3363 ibi
1029 3310 1076 3364 ubi

75 3379 104 3434 id
129 3382 246 3436 maxime
270 3388 423 3449 exspectes,
451 3381 585 3448 invenias;
609 3381 659 3435 etsi
677 3380 730 3433 alio
754 3395 833 3434 sensu
852 3378 949 3432 dieitur
967 3378 1076 3448 σήματα

76 3449 232 3519 ἀναγνῶναι
255 3448 350 3518 Odysa
376 3452 478 3504 1250.
508 3451 536 3515 ψ.
556 3451 615 3503 206.
634 3468 663 3501 ω.
682 3452 741 3502 345.
776 3446 845 3501 Deni
864 3460 898 3499 ue
916 3446 1075 3500 vocabulum

75 3516 169 3577 δέλτος
179 3533 234 3572 non
247 3523 288 3571 eat
298 3517 434 3585 antiquins
443 3517 576 3584 Aeschylo
589 3521 616 3570 et
628 3521 738 3570 auctore
750 3461 1075 3583 Batracffiomyomachiae,

279 3251 401 3316 μονῆρὲς
418 3245 461 3298 καὶ
478 3247 590 3314 καίριον.
620 3244 645 3298 Γ
638 3245 736 3316 ράμμα
753 3260 868 3312 primum
885 3244 990 3311 reperio
1003 3258 1057 3310 apu
