2482 3960
554 288 666 341 -162
693 313 729 324 -

97 445 137 489 au
154 434 191 493 de
219 433 423 508 probabilitate
448 434 532 492 buius
555 435 644 493 totins
670 435 787 493 criticae
811 436 932 494 rationis
954 452 1016 495 non
1038 438 1152 508 quaeri·

150 527 229 582 mus3
253 526 306 569 nec
329 511 453 570 materia
478 517 572 569 exstat
591 511 757 582 quaerendi.
794 512 868 569 Nam
889 518 919 569 et
939 512 989 570 hic
1011 512 1150 584 quodam·

149 587 234 646 modo
259 590 353 642 rainae
376 591 520 658 pertenet.
563 587 709 645 Habemus
734 604 808 646 nunc
828 589 988 647 Homerum
1009 590 1045 646 in
1063 591 1149 647 mani·

149 664 218 735 bus,
239 680 295 722 non
315 665 364 735 qrri
383 664 474 735 viguit
493 665 522 721 in
541 680 591 722 ore
613 664 787 722 Graecorum
807 681 939 736 suorum,
966 665 1025 723 sed
1045 665 1114 724 inde
1133 683 1150 723 a

150 740 261 800 Solonis
290 740 465 813 temporibus
497 755 587 812 usquc
619 740 657 798 ad
686 740 758 798 baec
774 740 975 805 Alexandrina
1006 748 1149 801 mutatum

150 816 239 889 varie,
259 817 472 889 interpolatum,
492 817 664 888 castigatum
684 823 714 873 et
733 817 923 875 emendatum.
963 817 1002 875 Id
1017 835 1036 877 e
1050 819 1150 877 disiec-

151 894 189 950 tis
209 893 378 963 quibusdam
397 892 511 952 indiciis
530 895 588 951 iam
608 892 715 950 dudum
735 893 856 952 obscure
870 894 1148 965 colligebanthomi-

98 995 136 1038 ,μ
153 984 205 1027 nes
225 969 303 1028 docti
323 976 352 1026 et
372 970 518 1040 sollertes3
544 971 667 1027 nuncin
688 986 774 1026 unum
793 971 961 1028 coniunctae
981 987 1073 1029 voces
1094 989 1150 1030 orn-

148 1045 227 1103 nium
245 1052 405 1129 temporum
423 1052 574 1117 testantur,
594 1052 624 1103 et
641 1047 768 1117 loquitur
786 1047 914 1106 historia.

150 1240 256 1294 anullo
277 1239 383 1292 illorum
400 1237 535 1292 adhibitus
559 1238 594 1291 sit
611 1237 646 1291 ad
662 1238 799 1305 uulgarem
817 1242 921 1289 textum
940 1238 1148 1294 emendandum.

152 1309 257 1362 Numae
274 1307 414 1360 Athenaeo
437 1306 523 1359 minus
547 1321 627 1372 qnam
644 1304 786 1358 Plutarcho
803 1303 883 1358 fidem
899 1305 1056 1360 habendam
1074 1314 1150 1376 puta·

151 1375 234 1430 bant?
257 1375 295 1426 At
312 1379 425 1441 uterque
444 1389 492 1426 sua
508 1374 601 1426 retulit
619 1388 654 1426 ex
672 1373 873 1426 Commentariis
890 1380 1025 1442 veterum,
1044 1376 1149 1429 Plutar-

151 1445 217 1498 chus
234 1441 346 1496 forsitan
362 1457 397 1495 ex
414 1441 570 1508 Stoicorum,
588 1441 633 1494 ille
652 1456 686 1494 ex
698 1440 944 1495 Grammaticorum.
981 1441 1056 1496 Nam
1069 1443 1149 1511 Seho·

151 1512 189 1565 lia
204 1509 249 1564 hie
266 1525 371 1578 quoqne
389 1514 488 1575 tacere,
505 1525 560 1562 non
576 1509 672 1561 mirum
689 1515 738 1577 est,
757 1509 881 1576 qnoniam
899 1524 932 1562 ea
949 1508 978 1561 in
997 1518 1059 1564 tota
1078 1508 1107 1566 Σ,
1125 1519 1151 1564 et

175 1578 275 1635 roxime
294 1593 349 1645 aeq.
361 1579 450 1645 rhaps.
462 1576 603 1631 admodum
622 1591 717 1629 manea
734 1584 796 1630 sunt
813 1583 841 1630 et
857 1577 1012 1643 interrupta
1030 1579 1099 1633 vitio
1112 1594 1152 1633 co-

170 1647 224 1702 'cis
258 1646 317 1699 Iam
333 1651 364 1698 ut
380 1646 473 1714 paucis
490 1660 547 1700 rem
564 1659 722 1713 persequar,
747 1645 919 1697 Aristarchus
936 1645 964 1696 in
983 1645 1072 1701 Scuto
1091 1650 1150 1701 604.

151 1721 214 1784 post
229 1713 341 1766 verbum
357 1714 518 1782 τερπόμενοι
535 1727 582 1766 seu
599 1713 767 1778 τερπόμενος
784 1712 882 1766 delevit
899 1711 1067 1768 mentionem
1086 1733 1149 1766 cota·

154 1785 223 1844 ιοτίι,
242 1779 318 1834 Μετὰ
336 1782 366 1832 δέ
385 1799 447 1848 σφιν
467 1781 599 1844 ἐμέλπετο
615 1781 691 1838 θεῖος
703 1781 793 1838 ἀοιδὸς
804 1777 952 1849 Φορμίζων,
970 1780 1021 1834 sed
1037 1782 1153 1851 reliquit

155 1865 247 1904 rursus
264 1849 335 1902 bunc
353 1863 458 1901 versum
475 1849 503 1901 in
520 1848 647 1916 Odyssea,
670 1863 750 1916 quum
768 1848 828 1900 illos
846 1854 908 1914 tres,
933 1850 1105 1914 τερπόμενοι
1121 1880 1153 1891 -

154 1919 285 1984 μέσσους,
308 1917 337 1969 in
363 1917 453 1983 quarti
479 1915 539 1969 libri
561 1916 724 1994 principium
746 1915 917 1982 transferret,
944 1915 1048 1971 additis
1077 1917 1152 1984 adea

155 1985 245 2040 nescio
271 1983 359 2050 unde,
385 1983 505 2050 duobus,
531 1999 577 2050 qur
602 1999 673 2036 nunc
700 1990 873 2036 numerantur
898 1983 1016 2050 proximi
1047 1990 1090 2041 15.
1116 1991 1153 2041 16.

157 2053 313 2120 Quanquam
330 2051 381 2105 hac
398 2052 426 2105 in
444 2068 472 2105 re
490 2053 580 2104 loraan
593 2050 692 2104 erravit
703 2052 866 2118 Athenaeus,
885 2051 940 2104 sive
957 2052 990 2118 is,
1009 2069 1094 2120 quem
1111 2054 1154 2115 ille

159 2121 307 2189 exscripsit.
342 2120 410 2173 Tum
428 2120 542 2173 criticus
560 2119 598 2172 ibi
621 2119 789 2173 insimulatur
810 2135 859 2186 pro
882 2119 1001 2187 genitivo
1019 2121 1154 2193 ἐξάρχω·

155 2208 210 2256 τος,
228 2190 274 2256 qui
291 2188 354 2242 olim
372 2187 525 2241 constanter
542 2188 627 2240 lectus
646 2187 680 2239 ad
699 2193 833 2240 cantorem
851 2188 978 2266 pertinet,
997 2187 1100 2244 fecisse
1111 2206 1155 2244 no·
1192 2216 1196 2223 ·

159 2257 314 2309 minativum
339 2257 519 2328 ἐξάρχοντεςι
546 2255 623 2322 qnasi
646 2255 788 2308 saltatores
812 2255 865 2309 dicr
886 2262 996 2323 possent
1021 2257 1155 2330 ἐξάρχειν

154 2325 266 2392 μολπῆς.
302 2323 370 2376 Nam
387 2323 525 2391 proprium
543 2323 628 2376 idest
646 2322 717 2389 eius,
741 2323 787 2389 qui
804 2323 907 2375 cithara
924 2323 966 2376 vcl
985 2323 1056 2377 tibia
1075 2325 1156 2392 canit,

158 2407 206 2445 seu
222 2391 354 2458 praecinit
371 2391 460 2444 choro.
499 2391 536 2445 Ut
559 2405 629 2444 nunc
651 2405 694 2458 ap.
714 2390 861 2444 Pindarum
879 2397 940 2443 sunt
958 2390 1157 2463 ἀνοξιφόρμιγ·

156 2477 204 2528 γες
221 2461 311 2524 όμνοι,
335 2459 374 2511 ita
391 2459 453 2513 olim
471 2458 544 2526 apud
560 2459 674 2511 eundem
699 2464 775 2512 erant
792 2459 902 2529 ἀμεσίχο
920 2477 938 2509 α
954 2462 1104 2528 προοίμια,
1130 2468 1158 2516 et

155 2527 228 2595 apud
245 2526 423 2580 Stesichorum
441 2527 640 2596 ἀρχεσίμολπος
651 2523 752 2580 Μοῦσα.
780 2526 812 2578 In
830 2542 882 2593 quo
896 2479 959 2580 ffcat
971 2528 1155 2584 Aristarchus

157 2595 336 2649 coniecturam
359 2609 433 2646 snam
459 2594 549 2647 forsan
571 2596 642 2647 tueri
663 2595 795 2661 potuisset
816 2594 934 2648 doctiore
956 2594 1158 2662 significatione

159 2663 269 2730 μολπῆς,
288 2667 324 2727 (v.
341 2661 465 2728 Apollon.
484 2661 551 2717 Lex.
568 2678 593 2717 v.
611 2663 778 2730 μέλπεσθαι)
796 2678 850 2715 non
866 2661 958 2716 dubito
976 2671 1073 2717 tamen
1092 2664 1158 2719 mul·

160 2731 195 2783 tis
217 2730 250 2783 de
274 2729 360 2782 causis
384 2730 508 2783 assentiri
529 2728 765 2797 reprehensoribus
787 2730 865 2783 illius.
901 2734 930 2783 In
950 2729 1076 2798 Odyssea
1093 2748 1159 2787 vero

160 2798 211 2851 illis
228 2796 348 2852 versibus
365 2797 410 2850 vix
435 2798 508 2851 locus
532 2805 590 2851 erat
607 2804 719 2866 propter
735 2813 781 2864 ea,
806 2811 875 2865 quae
899 2797 1039 2851 verissime
1065 2809 1159 2855 monet

160 2867 259 2921 Athen.
282 2882 308 2932 p.
329 2865 422 2919 181.E.
457 2865 494 2918 Et
535 2864 589 2918 uod
611 2867 641 2917 ἐκ
663 2871 713 2918 τοῦ
738 2862 874 2935 Κρητικοῦ
895 2869 980 2936 χοροῦ
1004 2867 1051 2918 τὸν
1077 2871 1158 2922 ω’δόν

160 2935 270 3002 ἐξεῖλεν,
288 2934 367 2986 huius
383 2934 422 2987 rei
439 2881 604 3002 probabilem
621 2936 751 2987 rationem
769 2934 867 2987 nnllam
885 2921 1087 2999 comminiscor:
1111 2953 1159 2990 au-

160 3004 262 3057 daciam
280 3010 369 3054 autem
388 3002 537 3068 corrigendi
556 3009 582 3054 et
600 3002 707 3055 limandi
724 3018 801 3056 nemo
818 3018 872 3054 non
886 3001 1012 3069 intelligit
1021 3005 1161 3072 insignem

164 3086 231 3124 esse.
265 3072 303 3123 At
321 3071 400 3122 etiam
418 3072 553 3129 maiorem,
578 3077 671 3138 utpote
689 3077 762 3123 certe
779 3069 901 3137 pluribus
918 3077 945 3122 et
961 3069 1160 3137 pulcherrimis

107 3186 110 3190 ,
160 3138 281 3192 versibus
307 3137 464 3201 minantem,
487 3137 609 3191 adhibuit
632 3137 765 3191 Diodorus
788 3136 1025 3258 Aristohrhaneus,
1039 3139 1162 3195 delenda

160 3212 219 3260 tota
240 3204 395 3274 γομοποιΐᾳ,
423 3206 515 3273 Odyss.
536 3210 628 3260 3-20.
663 3206 761 3259 Verum
783 3205 835 3258 hoc
859 3206 938 3258 a'ter
955 3207 1066 3273 accepit
1085 3211 1162 3277 apud

164 3275 333 3327 Athenaeum
356 3274 467 3326 casaub.
492 3289 570 3341 quem
594 3274 654 3327 vide
677 3291 703 3342 p.
721 3279 780 3328 326.
804 3273 850 3327 ubi
872 3280 944 3326 recte
968 3276 1043 3324 eriam
1064 3295 1098 3328 en
1115 3279 1163 3329 doe

166 3345 221 3392 loco
238 3344 408 3407 colliqeudum
425 3342 503 3408 dicet,
521 3352 618 3393 nostroe
635 3344 709 3394 bodie
727 3342 823 3394 codices
842 3343 948 3393 Homeri
965 3341 1001 3391 od
1018 3344 1163 3398 editionem

173 3411 365 3462 Aristarebeom
382 3428 478 3473 ιηοριιο
494 3428 525 3461 ec
538 3420 614 3476 parte
630 3412 708 3466 fuisse
720 3412 867 3465 emendatos.
901 3409 983 3462 Plura
993 3408 1026 3463 de
1039 3420 1164 3482 utraque

162 3477 241 3547 ῥήσει
258 3493 275 3530 a
291 3493 333 3530 me
351 3478 379 3531 in
396 3476 468 3531 aliud
485 3482 590 3545 tempus
607 3485 778 3544 reponuntur.
