2482 3960
520 315 697 370 -101-

112 462 330 535 inhaerendum,
348 468 378 522 et
396 463 481 521 istam
495 460 654 522 doctrinam
663 479 758 522 meras
772 479 864 536 nugas
878 479 942 521 esse
955 459 1107 536 potamii).

109 541 211 612 Neque
231 555 300 599 vero
320 538 482 597 Aristarchi
499 540 657 598 auctoritas
677 557 695 598 a
714 541 866 611 nugatorio
880 540 975 598 studio
989 538 1109 598 deduxit

109 617 309 691 philosophos,
334 631 454 687 quorum
480 617 568 674 etiam
588 616 803 687 insequentibus
823 617 946 675 saeculis
966 614 1027 674 iere
1046 617 1108 673 nul·

110 695 155 752 lus
175 691 243 765 fuit,
269 692 318 763 qui
342 709 399 752 non
418 692 544 752 Homero
564 689 711 772 ἀπόῤῥητα
731 693 873 765 quaedam
892 695 938 751 vel
958 698 1038 751 certe
1058 691 1107 751 de-

111 775 193 829 creta
213 774 311 827 sectae
331 784 401 827 suae
427 769 604 828 obtruderet.
644 769 720 828 Hinc
739 769 833 828 facete
854 767 1021 840 Seneca²⁸):
1048 769 1107 842 Ap

109 851 197 920 paret
215 845 286 903 nihil
305 844 406 904 horum
422 861 490 917 ,esso
509 847 539 903 in
558 846 617 918 illo,
638 848 684 903 cui
703 846 799 904 omnia
817 847 926 904 insunt:
954 847 1012 904 istu
1032 847 1106 904 enim

110 925 189 981 inter
208 939 240 980 se
260 921 416 986 dissident.¹
448 921 616 994 Eodemque
635 924 762 996 pertinet
785 923 931 994 quaestio,
958 939 995 980 an
1015 923 1106 996 philo·

111 998 218 1072 sophus
238 997 326 1057 fuerit
343 1003 440 1072 po'cta,
459 1004 586 1057 tractata
605 1000 656 1057 illa
675 999 827 1071 Favorino,
851 999 993 1071 Longino,
1014 999 1106 1058 Oeno-

107 1092 174 1135 mao
195 1079 224 1133 et
244 1076 316 1133 aliis.
355 1076 390 1133 In
410 1091 467 1146 qua
486 1074 628 1146 quomodo
648 1082 780 1134 versatus
801 1077 839 1134 sit
857 1075 1043 1148 Porphyrius,
1070 1091 1105 1134 ex

108 1153 170 1210 eius
190 1151 312 1211 Scholiis
339 1157 370 1210 et
395 1167 524 1211 seorsum
552 1151 638 1210 editis
658 1153 803 1224 opusculis
824 1158 954 1225 apparet.
993 1152 1104 1225 Nempe

107 1245 143 1287 ex
162 1229 217 1289 hoc
236 1233 367 1301 tempore
386 1229 509 1286 manime
529 1227 698 1288 relabuntur
712 1228 817 1288 Graeci
830 1229 860 1286 in
872 1229 952 1287 illum
964 1227 1103 1300 morbum,

108 1310 141 1363 ut
160 1305 266 1377 ubique
287 1305 442 1377 allegorias
463 1305 523 1362 sire
544 1306 717 1377 anagogicas
738 1307 798 1364 sive
811 1305 962 1365 historicas
976 1311 1103 1378 captent.

108 1381 199 1440 Hisce
219 1381 307 1440 armis
327 1380 484 1440 Homerum
498 1381 618 1441 Pmclus
639 1381 813 1441 defendebat
826 1388 925 1442 contra
938 1383 1102 1453 Platonem3

107 1459 149 1516 ita
163 1459 325 1532 Simplicius
345 1458 375 1514 in
394 1456 499 1516 fabulis
518 1457 763 1536 παραπετάσματα
782 1475 868 1518 verae
889 1459 1050 1532 sapientiae
1063 1459 1103 1515 vi-

107 1534 210 1607 debat;
230 1537 272 1592 ita
292 1535 417 1606 denique
437 1533 534 1593 infima
553 1541 661 1605 aetate,
680 1552 716 1594 ne
729 1536 827 1608 plures
839 1537 993 1609 appellem,
1012 1534 1100 1592 Mich.
1115 1544 1152 1584 1⁶⁶

103 1611 226 1685 P'sellus,
239 1611 387 1670 Eustathii
401 1612 518 1683 amicus,
532 1618 562 1671 et
574 1612 754 1685 Nicephorus
766 1612 921 1685 Gregoras,
931 1613 980 1669 ille
994 1617 1100 1669 utrum-

107 1703 163 1760 que
184 1687 314 1758 Garmen,
334 1689 382 1747 hic
400 1687 514 1761 Ulyssis
536 1705 649 1749 errores
670 1688 840 1760 explicabat.

509 1902 708 1976 XXXVII.

180 2071 238 2129 Sed
258 2070 295 2130 de
315 2075 440 2145 antiquis
461 2073 528 2144 illis,
549 2071 740 2142 (redeundum
761 2071 835 2128 enim
855 2070 936 2129 nobis
957 2085 1001 2140 eo,
1021 2067 1097 2126 unde

106 2146 230 2220 digressi
244 2155 362 2222 sumus)
383 2166 486 2223 parum
505 2153 627 2220 constat,
648 2146 789 2219 quomodo
799 2147 917 2217 reliquis
930 2145 1097 2217 interpretis

104 2222 197 2282 iuncti
215 2225 273 2282 sint
292 2223 402 2286 officiis.
442 2227 555 2299 Quippe
581 2242 630 2284 eos
650 2241 706 2282 non
726 2225 755 2280 in
774 2239 832 2281 una
850 2223 908 2281 ista
927 2238 959 2280 re
979 2237 1097 2294 operam

102 2301 220 2370 lusisse,
244 2301 295 2359 sed
315 2303 402 2361 etiam
422 2309 515 2361 artem
535 2307 638 2375 po'etae
665 2306 694 2358 et
713 2300 771 2358 ulia
791 2299 932 2371 quaedam
951 2298 1097 2356 illustrare

104 2393 260 2449 aggressos
280 2394 354 2451 esse,
375 2396 411 2437 ex
430 2380 559 2439 Platonis
579 2380 648 2437 Ione
669 2383 699 2435 et
710 2377 888 2436 memorabili
899 2376 1021 2448 quodam
1035 2374 1097 2434 loco

100 2453 267 2513 Aristotelis
287 2457 423 2528 coniicio,
449 2458 480 2513 in
500 2472 556 2527 quo
576 2455 609 2512 oi
633 2454 782 2533 ἀρχαῖοι
805 2449 979 2533 Ὁμηρικοὶ
998 2458 1098 2512 notan-

100 2534 158 2601 tur,
177 2535 314 2602 tanquam
333 2530 437 2591 nobilis
457 2532 528 2591 ordo
549 2532 698 2592 doctorum
717 2533 871 2604 hominum,
896 2532 926 2588 in
945 2529 1098 2587 minutissi-

100 2607 155 2664 mis
175 2605 355 2664 haerentium
376 2609 458 2678 quasi
477 2609 673 2668 Masorethica
693 2607 816 2679 curali).

181 2682 282 2742 Paullo
302 2685 405 2742 melius
426 2689 523 2743 aetate
536 2684 658 2743 Periclis
678 2687 708 2742 in
727 2685 965 2757 interpretatione
980 2682 1098 2741 Homeri

104 2757 269 2818 elaborasse
289 2759 423 2819 ridentur
444 2761 606 2834 Sophistae,
626 2762 674 2832 qui
695 2763 797 2832 omnia,
818 2777 892 2832 quae
910 2766 970 2818 tum
984 2758 1098 2816 liberali

102 2834 200 2894 studio
221 2834 309 2908 digna
328 2836 518 2909 habebantur,
539 2836 577 2895 ad
597 2838 777 2911 disciplinam
797 2852 878 2893 snam
897 2836 1032 2907 redigere
1053 2850 1097 2891 so·

100 2911 157 2983 liti,
176 2928 213 2970 ne
233 2914 421 2985 grammatica
441 2914 557 2984 quidem
577 2918 735 2987 praecepta
759 2918 789 2970 et
808 2913 980 2985 optimorum
998 2913 1098 2984 poeta-

97 3054 303 3065 ———.

169 3149 205 3216 27)
223 3149 291 3205 vioe
310 3150 435 3204 nussam.
454 3167 480 3218 p.
499 3155 523 3205 a.
541 3155 582 3204 4o.
601 3153 660 3204 tor.
679 3152 737 3202 614.

167 3235 204 3300 2⁸)
223 3236 309 3304 Epist.
328 3236 503 3290 LXXXVIII.
522 3252 576 3290 non
593 3237 609 3288 l.
628 3251 652 3288 a.
671 3251 712 3302 pr.

168 3319 204 3386 i⁹)
221 3322 375 3401 Metaphys.
393 3322 455 3374 XII.
473 3338 499 3389 p.
512 3325 569 3375 450.
588 3321 611 3373 B
632 3319 727 3374 Duval.
745 3318 828 3399 tXlV.
842 3320 920 3384 extr.)
937 3318 1006 3398 Puto
1026 3317 1096 3397 enim

101 3404 164 3444 cum
182 3388 337 3458 Sylburgro,
355 3390 443 3443 locum
460 3389 532 3442 hunc
551 3388 584 3441 de
604 3388 815 3454 enarratoribus,
833 3402 886 3440 non
905 3385 938 3439 de
957 3392 1095 3440 rmrtatorr·

97 3456 510 3595 nggl‘idfflmifffssigendum
533 3471 598 3510 esse.
635 3455 678 3510 Sic
702 3462 729 3510 et
751 3454 876 3509 Eustath.
893 3470 920 3522 p.
938 3457 995 3509 260.
1020 3456 1097 3523 ponit
