2482 3960
105 415 235 489 dedisse;
255 418 334 477 ouius
355 419 398 478 rei
418 420 547 480 recensio
567 419 687 480 Homeri
701 439 718 481 a
732 420 835 482 Wolfio
857 423 928 483 editi
948 427 977 482 in
997 421 1093 498 Ephe·

105 527 261 591 meridibus
281 528 474 604 Jeuensibus,
494 531 636 604 praefatio
661 533 699 591 ad
719 535 828 594 scholia
847 535 966 594 Homeri
986 542 1016 594 et
1035 543 1093 594 stu-

104 642 152 702 dia
184 643 349 718 Homerica,
383 662 457 719 quae
487 647 517 704 in
548 646 705 707 Academia
736 646 916 706 Berolineusi
950 647 1093 720 praelegit

103 756 265 816 testimonia
284 758 437 830 praebent,
465 756 568 829 quibus
588 774 663 816 nuuc
681 756 822 816 accedunt
842 758 1043 817 annotationes
1062 758 1092 815 in

101 868 313 941 prolegomena.
845 869 848 873 ’

177 978 305 1039 Bekkeri
330 984 412 1039 notas
432 979 486 1038 hoc
506 978 587 1052 siguo
607 980 801 1052 notavimus[
840 982 862 1052 ].
901 979 998 1053 Ipsum
1017 977 1092 1036 Bek-

100 1091 164 1150 keri
184 1091 330 1165 exemplar
348 1090 542 1151 bibliothecae
560 1090 765 1151 Universitatis
785 1089 980 1150 Berolinensis
1001 1089 1091 1148 tradi-

104 1202 206 1263 dimus

177 1315 325 1375 Secundae
345 1332 430 1389 quam
449 1332 524 1374 nunc
544 1315 651 1390 publici
668 1315 743 1388 juris
763 1314 883 1375 facimus
904 1313 1023 1374 editioni
1042 1315 1092 1374 ad·

102 1425 193 1485 dimus
228 1443 302 1500 quae
326 1427 450 1487 nondum
477 1429 556 1488 edita
578 1433 644 1486 sunt
669 1429 760 1502 partis
786 1425 929 1486 secundae
956 1425 1091 1484 disserta·
1134 1501 1136 1505 ¹

100 1538 185 1596 tionis
205 1535 364 1598 Wolfianae
385 1537 546 1612 fragmenta
567 1540 724 1613 exquibus
745 1544 882 1615 apparet,
907 1534 1042 1596 Wolfium
1062 1537 1091 1595 iu

101 1648 193 1708 animo
227 1649 362 1709 habuisse
396 1649 589 1722 disquisitioni
621 1651 776 1712 historicae
812 1648 1091 1710 criticamaddere.

89 1758 183 1839 ,Duae
203 1766 317 1820 exstant
334 1762 419 1834 hujus
439 1763 531 1837 partis
552 1763 733 1822 recensiones
754 1777 873 1834 quarum
895 1761 987 1819 altera
1007 1759 1092 1818 docet

100 1869 169 1942 quid
188 1871 323 1932 utilitatis
343 1873 381 1931 ad
394 1873 513 1933 Homeri
533 1873 658 1946 linguam
669 1870 857 1943 judicandam
871 1887 906 1928 ex
920 1870 1092 1930 Scholiasta·

99 1999 162 2040 rum
182 1985 393 2044 commentariis
414 1985 478 2058 oapi
497 1984 597 2058 possit,
618 1985 711 2043 altera
732 1999 805 2055 quae
828 1980 984 2041 similitudo
1004 1982 1091 2040 inter-

99 2093 184 2154 cedat
203 2095 279 2154 inter
298 2094 457 2156 Bibliorum
477 2100 507 2155 et
527 2095 685 2155 carminum
704 2093 823 2154 Homeri
842 2093 1000 2153 historiam.

174 2206 312 2265 Neutrius
326 2205 528 2279 disputationis
544 2204 636 2265 forma
651 2210 714 2264 erat
727 2205 873 2276 absoluta3
893 2203 1035 2262 nonnullis
1048 2203 1090 2261 lo·

99 2315 142 2372 cis
164 2315 238 2373 enim
258 2316 471 2374 emendationes
488 2322 569 2373 eraut
586 2315 749 2387 adscriptae
770 2331 849 2386 quas,
860 2330 896 2372 ue
910 2315 1039 2386 legentes
1053 2314 1089 2371 iis

98 2425 306 2498 fraudaremus,
336 2441 433 2485 omues
460 2426 488 2482 iu
520 2425 595 2483 notis
620 2424 711 2483 textui
735 2424 916 2495 subjecimus.
966 2423 1090 2496 Operam

98 2536 228 2595 dedimus
255 2542 287 2594 ut
311 2536 415 2596 librum
434 2535 648 2609 typothetarum
675 2535 786 2594 mendis
807 2551 892 2606 quam
912 2534 1090 2593 liberrimum

98 2648 290 2707 studiosorum
309 2646 439 2706 manibus
460 2647 647 2706 traderemus.
