2482 3960
556 301 731 353 -30..

108 447 135 486 ⁹⁹
231 447 365 519 Quamvis
385 463 453 506 vero
473 448 543 505 artis
563 446 648 504 huius
661 462 764 505 nomen
777 446 910 504 videatur
923 446 1069 517 posterius
1084 462 1152 506 esse

153 525 290 595 Homero,
311 523 375 596 ipsa
395 539 442 581 ars
463 530 494 581 et
512 520 653 596 professio
673 523 730 580 iam
750 523 955 594 antiquissimis
969 523 1151 596 temporibus

153 600 260 672 viguit,
285 616 321 657 ac
345 600 435 658 multo
455 605 515 657 tum
540 614 624 670 quam
643 599 765 670 posthac
783 597 838 656 fuit
857 599 1004 658 illustrior.
1045 599 1153 670 Quoad

157 676 232 734 enim
252 679 407 749 paucorum
429 681 501 749 erat,
521 674 659 733 memoria
677 676 829 749 complecti
848 676 985 734 maiorem
998 691 1153 735 numerum

155 752 327 824 carminum,
346 752 471 811 nondum
492 752 601 824 apertis
619 750 704 823 ludis,
725 752 827 823 quibus
848 752 898 824 illa
916 754 998 825 pueri
1011 751 1152 810 doceren-

149 827 214 901 tur,
234 844 348 900 unoque
367 844 473 901 genere
493 828 678 898 eruditorum,
699 829 789 886 sacris
809 829 931 900 vatibus,
952 834 1015 887 tota
1024 829 1153 888 Graecia

152 906 342 979 circumlatis,
368 905 455 964 etiam
476 921 534 977 cos,
559 904 608 976 qui
627 904 740 963 illorum
760 921 850 977 opera
869 905 898 961 in
918 905 1050 963 notitiam
1069 905 1153 977 vulgi

152 979 357 1054 perferebant,
381 983 539 1056 praepruo
567 981 676 1040 honore
709 981 811 1040 haberi
836 987 1058 1040 consentaneum
1084 979 1151 1040 fuit

155 1060 325 1131 Quanquam
350 1059 442 1133 primo
469 1058 585 1131 quidem
610 1063 705 1115 vatem
725 1072 866 1130 quemque
884 1055 946 1116 fere
964 1058 1077 1116 nonnisi
1096 1074 1152 1117 sua

153 1135 331 1208 divulgasse,
352 1136 398 1194 vel
418 1152 455 1194 ex
475 1151 509 1194 eo
530 1140 662 1209 apparet,
687 1135 764 1206 quod
784 1134 975 1206 rhapsodicae
994 1133 1153 1208 professio-

151 1212 200 1270 nis
221 1211 365 1270 Hesiodus
386 1218 437 1270 aut
456 1212 559 1283 aliquis
579 1212 653 1270 alius
672 1211 791 1283 suppari
811 1215 909 1269 aetate
929 1216 1029 1269 auctor
1042 1227 1153 1270 nuncu·

158 1287 300 1359 potarat).
344 1287 415 1347 Mox
444 1293 541 1346 autem
569 1287 636 1344 iude
665 1286 876 1360 aTerpandro
902 1287 1008 1346 Lesbio
1035 1287 1151 1362 Olymp.

156 1362 290 1422 XXXIV.
310 1379 401 1435 usque
421 1364 459 1422 ad
479 1363 656 1436 Cynaethum
678 1363 787 1434 Chium,
808 1364 993 1423 excellentem
1006 1365 1152 1435 inprimis

155 1441 184 1496 in
209 1445 273 1498 arte
293 1457 345 1498 sua
365 1439 477 1513 Olymp.
497 1439 612 1513 LXIX,
639 1440 755 1501 eosdem
774 1456 831 1498 non
851 1441 947 1498 aliena
966 1445 1077 1498 tautum
1097 1440 1153 1502 sed

156 1516 245 1575 etiam
264 1518 382 1591 propria
402 1517 550 1588 cecinisse,
569 1517 734 1588 nullumque
753 1532 844 1590 prope
864 1515 952 1574 fuisse
964 1516 1152 1590 rhapsodum‚

153 1593 226 1664 quin
246 1594 321 1652 idem
341 1593 500 1667 probabilis
519 1599 607 1666 poeta
627 1600 715 1662 esset,
734 1590 887 1652 manifesta
905 1593 1044 1652 historiae
1063 1594 1154 1651 vesti-

151 1670 200 1741 gia
221 1677 355 1743 arguunt.
392 1670 489 1742 Atque
510 1686 546 1728 ex
564 1670 618 1729 hoc
637 1668 744 1728 factum
758 1685 822 1728 esse
842 1676 921 1742 puto,
941 1674 1045 1727 uttam
1058 1670 1153 1728 multa

152 1745 296 1805 Carmina
316 1747 429 1806 illorum
442 1753 611 1819 temporum,
632 1745 805 1821 oblitteratis
819 1745 1036 1818 rhapsodorum,
1057 1748 1154 1818 aqui·

151 1821 206 1879 bus
235 1821 365 1882 confecta
386 1828 491 1894 essent,
510 1823 680 1894 nominibus,
703 1838 789 1894 quum
810 1822 846 1881 ab
867 1824 930 1880 aliis
952 1829 981 1881 et
1000 1823 1064 1881 aliis
1085 1823 1155 1882 sub·

96 1919 137 1957 roo
152 1897 228 1956 inde
248 1900 342 1971 repeti
362 1900 501 1971 solerent,
526 1899 643 1957 tandem
666 1896 746 1956 falsis
766 1899 931 1958 auctoribus
951 1901 1100 1971 assignata
1122 1906 1155 1958 et

156 1973 194 2031 ad
214 1980 371 2033 extremum
391 1972 536 2032 ἀδέσποτα
556 1973 814 2033 circumferrentur.

575 2184 719 2264 XXIV.

229 2359 290 2415 lam
304 2359 359 2417 etsi
371 2358 490 2417 Homeri
504 2374 575 2417 aevo
585 2375 749 2433 perpaucae
763 2364 840 2417 artes
855 2364 885 2417 et
901 2357 1015 2430 opfficia
1029 2375 1047 2414 a
1061 2360 1151 2418 certis

153 2434 316 2494 hominibus
336 2434 545 2506 tractabantur,
566 2441 695 2494 attamen
714 2451 761 2493 ars
781 2433 886 2491 ἀοιδῶν
905 2439 965 2491 tum
986 2450 1041 2492 non
1055 2436 1152 2494 minus

157 2511 311 2583 peculiaris
330 2510 385 2570 fuit
404 2527 488 2582 quam
508 2509 583 2570 fabri
607 2517 658 2570 aut
675 2509 771 2583 figuli,
802 2526 886 2582 quam
905 2510 1009 2588 medici
1029 2517 1080 2569 aut
1099 2511 1152 2570 ha-

156 2586 278 2659 rioliil),
303 2588 439 2648 honorem
466 2593 562 2646 autem
588 2587 702 2660 publice
727 2588 917 2669 privatimque
941 2587 1043 2646 habuit
1061 2587 1151 2660 longe

155 2665 317 2722 maximum.
357 2665 423 2724 Sive
443 2666 518 2739 enim
538 2665 568 2721 in
587 2662 701 2738 oppidis
721 2663 780 2721 suis
799 2663 963 2735 manebant,
988 2663 1048 2721 sive
1067 2665 1151 2722 varia

156 2740 227 2813 loca,
253 2743 423 2815 populorum
444 2745 598 2801 conventus
622 2755 780 2812 regumque
804 2740 904 2814 epulas
930 2739 1062 2811 obibant,
1088 2741 1150 2799 cari

159 2817 215 2876 diis
237 2823 267 2876 et
286 2818 465 2878 venerabiles
477 2815 638 2877 hominibus
650 2816 839 2874 habebantur.
871 2815 984 2875 Eadem
996 2815 1150 2889 rhapsodis

162 2893 301 2966 dignatio,
321 2895 423 2954 eadem
442 2895 502 2952 vita
521 2891 591 2961 fuit,
615 2892 706 2953 donec
725 2908 772 2951 res
793 2894 899 2951 sensim
919 2909 982 2951 cum
996 2892 1098 2950 studiis
1119 2899 1150 2951 ct

153 2970 279 3028 moribus
293 2970 435 3030 hominum
448 2971 606 3041 immutata,
627 2975 665 3041 et,
686 2974 806 3042 argento
820 2970 1006 3028 certaminum
1019 2969 1149 3042 praemio

220 3147 255 3213 66)
272 3144 373 3200 Nfcocl.
393 3161 436 3213 ap.
454 3144 541 3200 Schol.
559 3145 634 3200 Pind.
653 3146 670 3200 l.
690 3163 712 3202 c.
731 3152 759 3200 et
776 3146 874 3201 Athen.
893 3146 910 3199 l.
923 3162 945 3200 c.
957 3145 1150 3213 Exploratiora

154 3214 314 3269 haberemus
331 3213 504 3268 dehacomni
515 3229 554 3278 re,
572 3215 594 3267 si
608 3215 708 3282 scripta
718 3215 840 3283 Dfonysii
854 3215 957 3283 Argivi,
974 3212 1148 3281 Timomachi,

154 3282 340 3405 Hipipos‘trati,
359 3280 511 3349 Aristoclis,
534 3282 703 3338 Menaechmi
720 3283 900 3353 alforumque,
923 3282 957 3337 ab
975 3281 1027 3335 illis
1045 3281 1149 3336 duobus

152 3351 197 3405 lau
216 3357 271 3419 ata,
287 3356 464 3420 superessent.

233 3437 269 3501 ⁶⁷)
304 3435 372 3490 Vide
398 3434 490 3504 Odyss.
518 3456 545 3506 p.
563 3441 621 3494 383.
639 3453 696 3506 sqq.
715 3434 910 3507 Hesiod.⁹Ep7.
929 3440 969 3492 25.
1004 3435 1102 3504 Hymn.
1120 3433 1150 3488 in

147 3505 236 3574 Apoll.
257 3509 379 3572 lousqq.
398 3510 449 3558 etc.
