2482 3960
513 288 689 341 ..91-

100 441 224 508 sumpta,
244 435 371 495 edixisse
388 435 581 507 Pisistratum,
601 440 635 493 ut
654 450 690 493 er
708 435 786 494 omni
800 436 924 495 Graecia
937 434 1151 495 deferretur14⁹

100 511 193 584 adse,
213 513 239 570 si
259 511 329 583 quid
342 512 525 571 Homericum
544 513 657 585 uspiam
669 513 784 571 lateret.
817 512 864 571 Ita
873 513 1020 572 Inventum
1033 530 1100 587 pas·

100 589 155 647 sim
176 604 249 660 esse,
270 589 320 660 qui
340 594 455 647 centum
475 605 585 661 versus,
606 588 703 660 alium,
725 589 772 661 qui
793 589 880 661 mille,
900 590 989 647 alium
1003 592 1099 662 etiam,

100 665 150 736 qui
170 665 308 723 maiorem
327 681 478 723 numerum
498 663 651 724 conferret.
692 664 803 736 Quibus
822 665 954 724 omnihus
974 668 1100 738 receptis

99 741 287 812 collectisque
305 741 399 814 ipsum
418 742 517 800 statim
536 757 730 814 congregasse
750 741 861 800 LXXII
882 742 1100 814 Grammaticos,

101 817 250 887 (Aristeae
269 814 395 876 fabulam
416 818 501 876 audIs
522 818 558 876 de
572 817 683 876 LXXII
695 818 904 891 Interpretibus
917 818 1100 891 Bibliorum,)

100 908 210 964 eosque
229 893 347 954 iussisse
367 894 443 952 hanc
462 893 635 967 farraginem
650 895 799 952 iniustum
814 894 944 953 ordinem
956 895 1100 968 redigere.

99 971 134 1028 In
158 970 213 1028 hoc
240 986 376 1029 consessu
396 969 656 1047 Grammaticorum
679 986 751 1043 prae
778 971 883 1029 ceteris
903 971 1051 1030 Zenodoto
1071 979 1102 1029 et

99 1046 269 1105 Aristarcho
299 1048 378 1105 locus
400 1054 458 1115 est,
490 1063 588 1106 errore
608 1048 790 1119 turpissimo,
817 1063 911 1118 aquo
932 1053 1029 1105 tamen
1048 1063 1102 1106 nec

100 1122 272 1180 Eustathins
292 1140 346 1181 nec
365 1124 543 1182 recentiores
565 1123 682 1194 quidam
696 1123 775 1182 docti
793 1123 1028 1194 recesserrmt10).
1049 1123 1101 1180 At-

101 1214 158 1270 que
176 1199 260 1257 huius
281 1201 365 1258 unius
384 1199 501 1258 fabulae
519 1202 693 1259 auctoritate
713 1216 745 1258 se
764 1205 902 1258 tueantur
914 1201 943 1272 ii,
965 1201 1015 1271 qui
1027 1199 1102 1256 Pisi-

101 1280 224 1333 stratum
243 1293 300 1333 non
319 1277 413 1349 prima
439 1277 584 1349 scrIptura
604 1277 756 1348 collegisse
784 1283 814 1334 et
834 1276 1010 1350 disposuisse
1032 1277 1101 1335 Car-

100 1351 187 1424 mina,
209 1352 261 1409 sed
282 1352 431 1426 distracta,
458 1353 602 1426 dissipata
622 1360 651 1412 et
671 1354 783 1411 dlvulsa
802 1354 966 1412 restituisse
985 1359 1101 1412 conten·
1115 1371 1153 1408 rso

102 1427 227 1498 dunt11).
266 1429 337 1501 Nos,
358 1431 408 1501 qui
431 1430 506 1487 eolre
526 1431 609 1489 nobis
629 1430 768 1501 videmur,
789 1430 857 1500 quid
877 1431 955 1487 inter
973 1428 1100 1488 fabulam

103 1510 134 1563 et
150 1503 301 1563 historiam
320 1507 444 1579 intersit,
465 1507 525 1563 illic
544 1507 694 1564 hIstoriam
723 1508 775 1565 sub
805 1505 903 1564 fabula
928 1508 1100 1565 occultatam

102 1581 293 1652 agnoscimus,
317 1583 403 1640 simili
428 1582 583 1641 eruendam
605 1583 708 1648 modo,
727 1579 797 1654 ‘quo
823 1584 931 1640 versati
955 1589 1022 1641 sunt
1047 1583 1102 1640 viri

104 1657 183 1716 docti
202 1657 233 1715 in
252 1657 371 1718 IudaIco
390 1665 549 1718 commento
570 1660 606 1717 de
626 1659 709 1717 LXX
728 1658 985 1732 interpretibusll).

511 1869 692 1945 xxxiv.

182 2039 292 2109 Quodsi
313 2055 348 2098 ex
368 2043 514 2099 sententia
534 2048 664 2098 veterum
684 2056 767 2098 nemo
788 2045 855 2097 ante
869 2039 1052 2098 Pisistratum
1066 2039 1103 2097 de

101 2114 158 2173 hac
172 2118 421 2187 coagmentatione
432 2133 550 2189 operum
562 2117 779 2174 Homericorum
791 2116 866 2173 serio
878 2116 1025 2186 cogitavit,
1040 2117 1103 2186 quis

103 2192 214 2262 credat,
235 2208 307 2264 eam,
330 2195 459 2264 quamvis
479 2194 649 2251 meditatam
670 2198 737 2249 ante
758 2198 788 2250 et
807 2193 984 2262 instructam,
1005 2192 1104 2249 statim

102 2274 164 2325 tum
185 2268 316 2326 omnibus
336 2271 470 2341 partibus
491 2270 651 2329 absolutam
671 2268 824 2341 prodiisse,
850 2269 988 2326 attalem
1008 2270 1103 2340 plane,

104 2345 218 2414 qualem
239 2361 314 2402 nunc
334 2347 484 2404 videmus?
506 2346 629 2419 Oportet
648 2345 728 2402 illum
749 2347 820 2403 satIs
839 2345 984 2416 habuisse,
1006 2347 1030 2403 si
1043 2346 1105 2417 ple-

103 2436 213 2491 raeque
227 2421 401 2495 rhapsodiae
416 2430 485 2496 apto
499 2423 593 2480 ordini
607 2422 807 2495 redderentur,
822 2423 957 2494 sepositis
971 2425 1015 2493 iis,
1030 2438 1104 2493 quae

103 2497 199 2555 tenori
220 2499 323 2555 summi
343 2500 505 2571 argumenti
525 2497 681 2571 officerent,
702 2499 771 2556 licet
790 2501 898 2571 passim
919 2499 1028 2570 aliquid
1048 2499 1105 2556 dis-

190 2713 225 2776 10)
260 2712 325 2766 Post
349 2727 459 2779 magnos
485 2711 673 2778 compilatores
691 2711 826 2764 Historiae
850 2707 1007 2761 universalis
1025 2707 1105 2759 istum

105 2794 237 2847 errorem,
264 2779 309 2832 vix
326 2779 503 2833 Anacharsidi
519 2778 634 2847 Scythae
657 2777 863 2846 ignoscendum,
888 2775 991 2827 omissis
1014 2781 1105 2852 tamen

104 2846 256 2900 nominibus
268 2847 507 2902 GrammatIcorum
525 2847 634 2914 repetiit
646 2845 808 2898 Barthelem.
822 2845 849 2895 in
862 2841 962 2894 Introd.
982 2841 1016 2893 ad
1034 2840 1105 2893 illrus

104 2913 207 2967 ltirrera
224 2915 253 2968 P.
272 2915 293 2967 I.
312 2922 380 2969 extr.
405 2916 451 2970 uhi
469 2923 559 2969 cetera
578 2928 684 2982 quoque
702 2912 815 2966 hletoria
832 2911 911 2963 Hom.
935 2924 1047 2976 operum
1071 2908 1106 2960 ad

104 2981 242 3050 vulgarem
259 2982 367 3037 modum
385 2990 517 3038 narratur.

173 3070 209 3133 11)
226 3067 308 3121 Plane
326 3068 378 3122 hoc
396 3069 512 3122 traditur
528 3085 580 3123 uno
599 3083 682 3134 parvo
701 3064 815 3129 Scholio,
834 3064 861 3115 in
879 3062 980 3115 Anecd.
993 3061 1038 3114 Gr.
1057 3061 1105 3114 ibi-

105 3135 165 3189 dem
198 3135 284 3189 edito:
320 3135 434 3203 Λέγεται
458 3139 501 3188 ὅτι
525 3140 608 3204 σννεῤ
629 3137 737 3204 άφησαν
767 3133 817 3184 ὑπὸ
844 3130 1046 3199 Πεισιστράτου
1071 3128 1106 3180 τὰ

101 3201 225 3274 (θμήρου
243 3222 288 3255 ποι
297 3203 389 3266 ‘parm
418 3205 461 3255 καὶ
478 3204 548 3254 κατὰ
565 3138 642 3261 rotgo
662 3201 849 3269 σννετέθησιιν
868 3199 901 3250 τὰ
920 3199 981 3266 πρὶν
1001 3199 1104 3266 σπορά-

106 3272 154 3340 depr
173 3273 216 3324 καὶ
235 3273 274 3330 ὡς
289 3223 390 3342 ἔτυχεν
409 3272 655 3339 ἀναγινωσκόμενα,
681 3269 724 3321 διὰ
751 3269 782 3320 τὸ
800 3270 849 3337 τὴν
869 3267 993 3335 ἁρμογὴν
1013 3266 1103 3316 αὐτῶν

106 3344 145 3410 τῷ
159 3341 257 3410 χρόνῳ
275 3340 484 3407 διασπασθῆναι.

175 3424 210 3544 1T2)
225 3423 265 3544 IUt
282 3423 435 3489 acutissime
448 3424 564 3476 omnium
577 3422 723 3477 Eichhorn.
735 3423 763 3474 In
774 3421 884 3489 Repert.
896 3419 959 3472 bibl.
972 3427 1000 3472 et
1011 3419 1107 3473 orient.

106 3493 157 3545 litt.
202 3535 207 3544 .
240 3507 291 3559 .p.
308 3494 367 3544 266.
375 3507 432 3558 sqq.
