2482 3960
512 207 711 262 —121-'

178 356 236 416 Sed
261 357 416 430 plerosque
439 356 541 415 horum
568 356 707 415 librorum
733 357 805 415 situs
826 356 934 416 dudum
956 363 986 416 et
1005 358 1101 416 tineae
1116 371 1152 411 rar

99 439 321 508 occupaverant,
336 449 423 504 quum
434 432 613 493 scholiastae
626 433 718 492 nostri
728 436 947 494 commentarios
958 451 1024 493 suos
1035 451 1102 494 con-

100 511 276 570 scribebant.
310 509 386 581 Quin
400 509 488 568 etiam
501 510 663 583 principum
678 509 858 583 Criticorum,
880 513 1020 579 Zenodoti,
1036 514 1102 565 Ari-

99 589 250 660 stophanis,
272 587 433 657 Adatarchi,
458 587 579 658 Oratam
599 587 782 645 recensiones
803 593 833 645 et
845 588 1099 661 interpretationes

100 664 160 722 iam
178 668 240 722 tum
259 678 316 721 nou
336 668 420 721 erant
440 663 469 720 in
489 661 639 722 doctorum
652 663 785 721 manibus
798 664 938 736 integrae.
973 663 1102 722 Tametsi
1118 681 1122 691 ¹

99 756 156 814 per
174 740 225 797 illa
243 739 361 798 saecula
379 744 529 810 totumque
548 739 683 811 medium,
710 738 787 810 quod
815 745 926 806 vocant,
951 756 1053 798 aevum
1072 740 1101 796 in

100 816 200 888 aliqua
212 815 388 874 bibliotheca
400 815 475 874 liber
487 816 583 888 potuit
596 817 779 888 incorruptus
793 816 895 888 latere,
918 832 1002 887 quem
1015 817 1101 886 vulgo

100 891 301 965 indeperditis
311 892 511 963 numerabant,
521 893 606 950 velin
617 889 741 949 hiistula
750 891 906 950 dissectum
917 891 1101 964 legebantffl).

100 968 250 1027 Nimirum.
263 968 316 1027 snb
336 968 468 1041 Augusto
489 973 520 1026 et
539 968 669 1040 proxima
689 972 796 1040 aetate,
816 984 890 1039 quae
911 969 969 1027 cito
990 969 1102 1026 litteras

100 1043 313 1104 Alexandrinas
325 1044 363 1102 ad
376 1045 548 1104 tenuitatem
561 1044 795 1116 compendiorum
808 1044 942 1116 redigere
956 1049 1102 1117 coeperat,
1116 1057 1153 1096 iss

101 1122 241 1181 lectiones
262 1127 292 1179 et
313 1120 529 1180 emendationes
549 1121 664 1179 illorum
684 1121 862 1192 aliorumque
882 1121 962 1179 vario
982 1121 1101 1180 consilio

102 1203 258 1271 excerptae
278 1213 296 1255 a
315 1198 412 1256 multis
432 1214 487 1270 per
506 1197 615 1256 Lexica
636 1202 666 1254 et
684 1197 915 1257 Commentarios
937 1204 967 1256 et
988 1198 1103 1258 Scholia

101 1273 353 1348 dispergebantur.
394 1274 491 1345 Atque
512 1274 622 1332 utinam
641 1274 730 1332 ullum
751 1291 787 1332 ex
805 1275 869 1331 istis
883 1275 973 1346 libris,
994 1276 1102 1332 utinam

100 1351 243 1408 duntaxat
256 1367 343 1408 unum
355 1350 503 1423 Apollonii
517 1350 644 1408 Lexicon
658 1351 803 1421 integrum
816 1350 1007 1409 haberemus!
1027 1352 1103 1408 Nam

100 1429 152 1499 qui
162 1432 266 1499 postea
276 1426 314 1485 ad
324 1427 536 1499 compilandum
542 1432 682 1484 venerunt
692 1428 794 1484 minuti
806 1426 1001 1496 Grammatici,
1014 1443 1102 1498 saepe

101 1503 203 1562 dedita
226 1519 316 1576 opera
340 1504 544 1575 neglexerunt,
572 1502 711 1573 quidquid
730 1503 932 1562 reconditioris
953 1504 1102 1562 doctrinae

102 1586 196 1651 esset,
220 1580 281 1638 sive
309 1595 327 1637 a
351 1581 469 1651 urlgato
496 1585 579 1638 textu
604 1579 649 1636 sui
668 1581 806 1652 temporis
827 1581 960 1638 ebenum.
1000 1580 1101 1651 Itaque

101 1655 211 1715 accidit
229 1655 362 1728 tandem,
388 1663 477 1714 utne
498 1656 535 1713 de
554 1656 699 1727 primariis
720 1655 837 1727 quidem
857 1656 971 1714 Griticis
991 1656 1065 1725 illis,
1085 1672 1103 1713 a

103 1746 225 1804 quorum
244 1733 420 1791 anctoritate
439 1733 562 1805 primum
582 1733 629 1789 hic
649 1737 745 1790 textus
765 1738 865 1792 noster
883 1733 1018 1804 manavit,
1039 1738 1102 1790 tan-

101 1816 165 1867 tum
184 1809 266 1867 nobis
288 1810 424 1881 supersit,
446 1817 584 1881 quantum
604 1807 641 1865 ad
663 1809 862 1879 cognoscenda
876 1825 974 1867 eorum
986 1809 1103 1885 ingenia

103 1892 134 1944 et
155 1884 328 1943 emendandi
349 1892 441 1943 artem
462 1883 594 1943 sufficiat.
633 1885 696 1943 Hoc
716 1893 812 1942 antem
834 1889 878 1943 est
897 1884 976 1953 illud,
996 1887 1026 1940 in
1046 1901 1102 1954 quc

101 1978 178 2020 nunc
203 1961 326 2019 maxime
354 1961 504 2020 elaborare
531 1961 659 2033 cupiam,
686 1962 791 2017 ceteris
816 1961 1014 2032 opportuniori
1039 1960 1102 2017 loco

99 2038 269 2109 reservatis,
289 2053 363 2109 quae
384 2038 422 2096 ad
442 2043 607 2095 accuratam
625 2037 758 2094 notitiam
778 2036 994 2094 Homericorum
1014 2036 1102 2093 inter-

55 2191 61 2204 .
100 2120 218 2188 pretum
238 2115 411 2185 pertineant.

101 2394 146 2446 ap.
163 2377 317 2445 Koppiersii
335 2377 412 2430 Obss.
431 2375 522 2443 philol.
542 2393 568 2443 p.
587 2380 627 2430 36.
665 2375 788 2428 Fuerunt
805 2374 833 2427 in
850 2374 903 2428 illis
920 2375 1028 2442 glossis,
1056 2376 1103 2436 μέ-

97 2461 193 2511 ροπες,
212 2446 367 2516 οὐλοχύται,
386 2445 458 2511 μῆλα
477 2445 592 2512 aliaque,
611 2443 692 2496 ctiam
712 2443 855 2507 δαιτυμών,
881 2445 910 2495 in
927 2460 979 2510 quo
998 2443 1102 2496 labora·

100 2514 196 2568 bamus
214 2513 280 2580 Gap.
298 2513 382 2566 XXX.
419 2512 471 2578 Qui
488 2513 622 2565 Philetam
641 2512 727 2565 secuti
744 2518 806 2564 sunt
823 2511 850 2563 in
868 2512 920 2564 hoc
938 2527 1046 2578 genere,
1065 2511 1103 2563 in-

101 2582 176 2636 docti
191 2579 313 2648 plerique
333 2587 360 2634 et
377 2579 470 2647 inepti,
489 2587 617 2634 notantur
634 2579 742 2646 saepius
760 2579 787 2631 in
798 2579 917 2633 Scholiis.
948 2579 1050 2632 Verum
1068 2579 1103 2632 ad

101 2651 153 2703 hos
169 2648 299 2703 redeundi
316 2648 387 2702 infra
406 2649 457 2702 erit
474 2649 556 2702 locus,

171 2735 207 2799 ⁶⁸)
225 2733 358 2787 Videlicet
376 2733 404 2785 in
422 2734 583 2800 antiquitate
600 2732 720 2786 versanti
738 2731 911 2798 cogitandum
929 2746 1036 2798 semper
1054 2736 1102 2796 est,

101 2801 176 2855 illam
194 2803 310 2856 caruisse
328 2801 361 2855 iis
380 2801 504 2855 subsidiis
527 2801 639 2854 notitiae
658 2799 819 2866 litterariae,
846 2814 915 2865 quae
936 2798 1013 2850 nobis
1036 2798 1103 2850 haec

102 2869 234 2924 bonarum
266 2871 364 2923 artium
391 2868 499 2936 publica
528 2870 575 2922 lux
600 2876 627 2922 et
651 2873 803 2920 mercatura
824 2875 911 2934 parat.
952 2865 1103 2931 Eustathio‚

105 2936 284 3008 Παρεκβολὰς
302 2953 363 2990 suas
382 2939 523 3005 scripturo,
550 2937 636 2990 videri
653 2940 801 3003 potuerunt
818 2935 920 3001 optima
938 2949 1059 3001 quaeque
1076 2939 1104 2985 et

103 3006 289 3074 antiquissima
298 3005 405 3059 Scholia
422 3005 449 3057 in
468 3013 595 3072 promptu
614 3020 680 3071 esse,
698 3002 761 3056 dum
779 3003 930 3070 antiquiora
949 3009 975 3055 ct
993 3001 1104 3054 meliora

104 3072 163 3128 cod.
177 3073 273 3128 Veneti
291 3073 412 3127 latebant
429 3072 520 3126 forsan
538 3073 567 3125 in
583 3072 680 3125 vicinia
693 3072 751 3124 cius
788 3070 920 3138 Indagare
938 3070 1021 3137 igitur
1032 3069 1103 3135 licet,

103 3159 158 3210 quo
177 3142 283 3196 saeculo
302 3141 370 3194 liber
388 3141 483 3208 aliquis
501 3146 622 3193 veterum
641 3139 751 3193 desierit
768 3138 796 3190 in
813 3138 935 3190 manibus
952 3137 1025 3203 vulgi
1037 3151 1103 3202 esse,

103 3225 166 3276 non,
192 3227 244 3278 quo
264 3225 321 3263 esse
340 3209 464 3274 desierit3
487 3215 515 3260 et
532 3216 563 3261 ut
582 3208 694 3275 quisque
711 3206 826 3274 scriptor
842 3205 974 3258 vetustior
991 3210 1043 3271 est,
1071 3219 1103 3257 co

103 3278 211 3332 facilius
229 3277 254 3331 ei
272 3277 312 3345 id,
337 3276 409 3345 quod
427 3277 459 3330 de
478 3275 622 3329 Eustathio
641 3274 775 3340 dicebam,
801 3273 929 3327 accidisse
955 3271 1104 3339 putandum

104 3352 154 3399 est.
189 3346 276 3400 Levis.
287 3351 315 3398 in
333 3345 449 3412 speciem
467 3359 510 3396 res
528 3349 578 3412 est,
596 3344 644 3397 scd
662 3344 737 3396 cuius
756 3343 818 3395 olim
835 3357 932 3408 magna
949 3340 988 3392 vis
1006 3339 1057 3392 fuit
1069 3340 1104 3393 ad

103 3414 192 3483 ipsam
210 3415 342 3468 rationem
360 3411 562 3466 tractandarum
580 3411 738 3465 litterarum.
