2482 3960
509 282 683 334 —151-

99 427 259 500 repetenda
272 433 339 485 suni
350 430 429 482 initia
444 429 535 482 omnis
543 430 701 484 subtilitatis
713 430 914 499 prammaticce,
929 428 1091 500 incognitae
1104 439 1141 480 ²48

100 511 185 563 antea
211 505 326 577 optimis
352 504 552 577 scriptoribus,
579 520 632 562 nec
658 504 694 562 ab
720 504 783 576 ipso
803 503 997 577 Aristophane
1021 506 1091 563 satis
1149 540 1151 543 -

99 587 234 640 accurate
247 581 447 652 investigatae.
468 581 570 652 Neque
585 582 695 639 veroin
710 581 889 652 gravioribus
903 588 1015 639 tantum
1028 597 1094 653 par-

98 657 176 715 tibus
187 656 393 715 Grammaticos
411 657 521 729 aliquid
532 659 666 715 relictum
677 665 741 715 erat
750 656 927 730 Aristarcho,
945 657 1093 716 sedetiam

98 735 130 791 in
145 733 296 792 levissimis
310 733 488 806 quibusdam,
508 740 542 791 ut
556 735 587 790 in
596 733 753 793 formarum
763 734 974 792 discriminibus
985 733 1022 791 ad
1033 750 1093 791 cer-

98 816 160 868 tam
178 810 308 881 regulam
327 808 556 881 revocandis³²):
583 826 656 882 quae
684 827 770 882 quum
790 816 857 882 post
875 811 955 869 illum
973 812 1016 868 ita
1029 827 1093 883 per·
1106 821 1144 861 141

99 887 219 958 ungara
236 884 313 944 iacta
331 887 396 959 sint,
417 893 449 945 ut
468 888 610 959 cumipse
625 887 881 950 Graecosermone
895 894 964 945 nata
977 887 1093 946 videan-

98 969 156 1035 tur,
177 979 316 1035 suppares
331 970 360 1021 et
372 965 548 1036 posteriores
561 969 667 1037 poetae
682 969 814 1035 arguunt,
828 963 913 1036 vulgo
926 981 982 1022 non
996 964 1093 1023 obser-

99 1046 168 1098 vata
187 1055 279 1111 neque
304 1040 334 1096 in
354 1040 496 1099 constanti
517 1057 571 1097 usu
592 1038 690 1097 fuisse.
731 1038 774 1096 Ao
794 1037 912 1098 inerunt
931 1041 997 1099 olim
1016 1040 1094 1098 haud

99 1116 196 1188 dubie,
216 1116 266 1187 qui
278 1120 422 1189 putarent,
442 1117 472 1175 in
484 1117 580 1189 prisco
596 1121 684 1188 poeta
697 1116 829 1181 anomala
844 1117 986 1188 quaedam
999 1118 1094 1174 istius·

99 1314 130 1350 α.
148 1299 189 1350 84.
210 1298 264 1348 134.
283 1298 341 1349 228,
360 1298 410 1348 236
437 1295 494 1348 247.
514 1297 573 1348 666.
597 1295 626 1347 in
644 1295 740 1361 quihus
757 1295 828 1348 hona
846 1294 1021 1348 fundamenta
1032 1302 1095 1348 sunt

99 1363 272 1416 accuratioris
297 1362 445 1430 prosodiae.
479 1361 558 1416 Adde
582 1361 723 1430 paneade
750 1363 921 1431 anastrophe,
939 1362 974 1416 ad
990 1363 1017 1429 β.
1038 1367 1096 1417 160.

100 1429 291 1491 carmem.
309 1434 409 1498 3847.
427 1433 486 1482 240.
505 1431 527 1482 d.
546 1434 589 1484 94.
608 1450 632 1482 σ.
653 1435 708 1484 191.
739 1429 830 1483 Etiam
849 1431 876 1483 in
894 1431 1095 1498 orthographia,

100 1513 169 1567 quae
180 1500 287 1566 proprie
299 1497 404 1564 dicitur,
422 1497 579 1550 Aristarcho
596 1497 723 1551 dehemus
735 1499 859 1566 plurima,
876 1499 928 1552 iam
941 1499 1002 1552 olim
1014 1499 1094 1566 vulgo

99 1573 224 1633 accepta:
241 1572 272 1619 nt
289 1566 360 1634 quod
373 1564 534 1618 coniunctim
546 1566 701 1619 scribuntur
712 1566 953 1637 παλιρπλαγχθείς,
972 1567 1096 1635 παλινορ-

99 1633 194 1701 μένος,
217 1635 329 1703 ἐπίηρα,
352 1629 610 1703 Κηρεσσιρόρητος,
629 1633 821 1701 ὀνομάκλυτος,
848 1650 901 1687 11011
919 1634 996 1686 πάλιν
1015 1635 1096 1702 πλαγ-

96 1701 177 1824 fitst'e
194 1709 252 1769 etc,
282 1721 306 1754 a.
324 1706 365 1756 69.
384 1702 442 1756 672.
469 1718 491 1753 ε.
512 1703 567 1756 178.
602 1703 629 1753 θ.
648 1704 706 1756 627,
727 1721 742 1755 ι.
764 1706 819 1757 147.
838 1703 861 1756 λ,
880 1706 939 1756 326.
955 1722 981 1772 χ.
1000 1707 1041 1756 61.
1060 1701 1094 1754 41.

127 1785 196 1838 ymn.
215 1771 243 1822 in
260 1769 326 1823 Ven.
338 1775 393 1824 111.
415 1770 480 1835 147,
499 1777 592 1823 contra
614 1769 773 1838 disiunctim,
791 1771 835 1822 καὶ
852 1773 945 1833 κεῖνος,
963 1769 1007 1822 καὶ
1017 1771 1096 1830 κεῖθι,

99 1854 153 1892 non
170 1840 292 1907 κακεῖνος
310 1844 360 1892 410.
378 1854 402 1904 γ.
422 1841 483 1890 402.
504 1840 525 1897 ζ.
544 1842 605 1891 200.
625 1844 688 1904 411,
716 1838 787 1906 quod
806 1845 982 1892 consonantes
999 1838 1098 1905 passim

99 1905 1097 2040 1111311121312121112131113111923·

282 2016 287 2026 .
428 2014 434 2027 .
506 2017 511 2027 .
551 2013 557 2040 ,
631 2019 635 2028 .
705 2013 712 2041 ,
765 2013 770 2026 .
1013 2013 1018 2025 .
1091 2017 1096 2028 .

98 2043 202 2096 d.423.
231 2060 239 2092 ι
269 2046 324 2095 164.
341 2046 400 2096 209.
418 2044 478 2095 670.
501 2061 522 2094 κ.
542 2046 601 2095 268.
619 2061 646 2105 μ.
669 2047 711 2096 26.
730 2060 751 2094 ο.
770 2047 811 2097 31.
831 2050 881 2096 etc.
916 2042 1020 2096 Eodem
1037 2057 1097 2109 per·

98 2109 169 2163 tinet
186 2109 388 2177 quodammodo,
407 2109 488 2176 quod,
507 2109 660 2176 ubicunque
677 2124 727 2176 per
744 2117 859 2163 metrum
877 2109 982 2176 licebat,
999 2111 1099 2162 veteris

99 2177 210 2232 Ionismi
221 2191 302 2231 causa
312 2177 394 2231 verba
403 2177 536 2229 truncavit
549 2193 583 2229 au
603 2179 700 2230 mentis
712 2178 774 2244 suis,
787 2177 945 2245 scripsitque
957 2192 1010 2230 non
1023 2177 1096 2228 πόλλ’

101 2245 204 2297 ἔπαθον
231 2245 275 2296 καὶ
298 2245 372 2297 πόλλ’
395 2246 524 2314 ἐμόγησα,
551 2193 803 2297 seiaoiidrcidou
822 2244 967 2296 scinditur
983 2245 1018 2307 μό
1054 2263 1097 2312 σα,

100 2312 245 2384 σπλάγχνα
262 2317 393 2375 πάσαντο,
417 2310 502 2379 ἄλγεα
524 2315 620 2380 θῆκεν,
644 2311 761 2372 Γλαῦκος
778 2314 862 2375 τίκτε,
888 2313 1011 2384 ἔχθαιρε,
1030 2313 1099 2375 edre,

99 2381 166 2435 item
184 2381 279 2449 νέρθε,
299 2384 393 2441 κεῖνος,
411 2397 465 2434 non
484 2379 582 2447 ἔνερθε
602 2387 653 2434 etc.
672 2399 697 2434 α.
715 2384 772 2436 598.
793 2383 815 2440 ζ.
837 2384 889 2436 157.
911 2400 927 2432 1.
944 2385 1002 2435 488.
1022 2400 1043 2432 o.
1056 2386 1098 2435 94.

100 2467 127 2501 π.
146 2452 204 2504 648.
223 2455 251 2501 41
271 2449 335 2502 alibi
347 2449 515 2516 saepissime3
532 2447 667 2502 interdum
681 2449 748 2502 adeo
760 2465 819 2503 cum
831 2448 996 2504 incommodo
1009 2450 1098 2516 aliquo

100 2532 280 2570 numerorum.
311 2517 434 2584 Denique
453 2516 506 2569 alia
525 2516 603 2570 istius
622 2518 788 2584 grammatici
802 2518 907 2586 generis
918 2534 942 2572 v.
955 2517 989 2570 ad
1002 2537 1026 2569 a.
1039 2521 1098 2572 363.

101 2587 125 2641 δ.
142 2589 202 2639 246.
219 2589 278 2642 410.
308 2603 330 2637 ε.
347 2587 407 2640 746.
437 2586 536 2643 6432.
567 2587 594 2637 θ.
612 2589 671 2639 too.
690 2588 730 2650 (ψ.
748 2588 818 2653 273.)
836 2591 894 2639 441.
920 2604 942 2637 κ.
962 2590 1019 2640 332.
1039 2590 1097 2640 613.

101 2653 202 2708 1441.
231 2671 261 2716 μ.
278 2658 337 2708 318.
368 2672 389 2705 ν.
411 2657 466 2707 103.
495 2671 516 2704 o.
536 2657 597 2706 240.
629 2672 655 2705 π.
674 2656 733 2709 379.
762 2658 984 2722 paccatas
1014 2672 1038 2707 τ.
1056 2656 1098 2708 27.

101 2739 131 2788 φ.
150 2723 210 2775 673.
225 2738 256 2791 χ.
272 2726 331 2776 431.
351 2742 381 2773 ω.
398 2725 422 2775 8.
442 2725 499 2774 331.
520 2737 554 2774 ex
574 2721 672 2788 quibus
691 2721 813 2775 omnihus
830 2729 951 2789 apparet,
974 2723 1099 2789 inquam

100 2787 238 2841 minutulis
260 2789 460 2856 quaestionibus
484 2787 530 2841 illa
556 2797 633 2842 aetas
658 2789 786 2842 haeserit.
822 2789 875 2842 Sed
891 2791 1021 2844 mittenda
1038 2797 1100 2842 sunt

100 2856 170 2909 haec
188 2863 215 2908 et
231 2856 323 2924 plura,
345 2856 492 2924 dequibus
511 2858 538 2909 in
551 2857 595 2909 his
614 2857 752 2925 angustiis,
771 2856 867 2924 quibus
884 2872 1023 2924 urgemur,
1044 2872 1098 2909 mo·

99 2939 166 2978 nere
183 2940 237 2978 non
257 2925 326 2978 licet.
572 2928 575 2933 '

169 3009 205 3075 32)
222 3009 274 3062 Vix
291 3011 343 3064 hoc
360 3010 566 3078 suspicabamur
585 3016 680 3064 antea:
699 3025 770 3063 nunc
787 3024 822 3060 411
840 3008 935 3062 Scholl.
954 3025 1009 3061 rem
1028 3009 1098 3061 clare

99 3078 284 3146 perspicimus
318 3077 389 3130 Nam
405 3078 476 3145 quod
493 3093 631 3145 nusquam
648 3079 676 3130 in
693 3078 770 3130 Hom.
788 3078 878 3145 θέλω,
905 3077 1044 3148 στεναχέα
1062 3076 1099 3128 14-

101 3146 537 3267 tbmdt‘bhattt
552 3144 1098 3281 ttztnitthntttt⁰ttiiib

306 3256 311 3266 .
532 3253 538 3279 ‚
1091 3253 1098 3266 .

100 3281 343 3335 Alexandrinorum
362 3281 414 3334 ista
430 3281 558 3335 Carmina
575 3282 683 3350 ingenio
695 3282 806 3335 Homeri
817 3281 935 3350 tribuitz)
953 3279 1099 3347 quodnon-

100 3349 176 3402 nulla
193 3349 274 3402 etiam
292 3355 400 3416 praeter
417 3350 503 3416 legem
544 3350 707 3416 repertionis
725 3349 907 3414 declinantur,
931 3354 961 3399 ut
978 3343 1098 3419 Κάλχαν,

105 3417 191 3478 θόαν,
216 3414 389 3482 Πουλυδάμα,
412 3435 436 3468 α.
454 3421 495 3471 86.
512 3364 544 3480 ti).
567 3422 588 3470 1.
607 3435 634 3479 μ.
652 3422 711 3472 231.
730 3436 751 3468 ν.
769 3420 827 3471 222.
855 3435 882 3484 ρ.
900 3421 972 3483 688,
994 3415 1023 3469 id
1039 3432 1098 3470 cum

101 3484 232 3540 similibus
249 3484 338 3538 multis
355 3485 521 3539 Aristarchei
542 3485 634 3539 iudicii
652 3485 800 3553 putandum
818 3492 866 3538 est.
