2482 3960
555 299 670 352 -140
697 324 734 336 -

145 448 276 522 plerique
287 446 484 518 Grammatioi‚
504 452 596 505 artem
616 446 752 505 docentes
765 443 969 506 Alexandriae
991 452 1026 505 et
1040 447 1156 516 Romae,

146 527 177 583 in
200 525 304 596 quibus
334 524 372 582 ad
391 523 504 582 XXXX
531 528 615 580 erant
639 520 762 595 profecti
783 521 820 580 ab
839 524 937 596 ipsius
959 523 1153 596 discipliuae,

97 617 135 658 aaa
148 601 255 672 aliique
269 600 305 658 ab
319 599 512 658 Aristarcheis
527 599 651 657 instituti
665 598 741 656 hunc
753 597 956 671 Pythagorica
969 600 1102 673 quadam
1114 617 1154 658 sn·

147 677 316 751 perstitione
336 694 398 735 uno·
413 692 463 736 ore
484 677 563 734 velut
575 675 660 733 deum
677 691 759 732 suum
773 675 913 749 colerent,
934 684 971 735 ut
984 675 1152 750 profiteren-

146 761 195 811 tur
212 755 309 826 etiam,
329 754 414 811 malle
434 768 466 810 se
489 770 523 811 eo
544 751 617 809 duce
631 766 730 810 errare
742 751 838 831 potius
854 767 944 823 quam
959 770 1036 812 vera
1051 753 1151 812 sentire

147 847 211 887 oum
231 829 376 902 ceteris5),
396 829 547 902 paullatim
568 827 606 886 ad
626 843 675 886 eos
696 843 803 899 omnes,
825 830 874 899 qui
894 829 1019 889 scholas
1041 830 1148 889 illomn

145 905 377 979 frequentabant,
397 906 558 977 studiisque
577 906 739 962 litterarum
761 909 791 961 et
809 905 904 976 poetis
919 905 1148 979 interpretandis

146 983 272 1055 aliquam
291 988 404 1056 partem
425 983 530 1041 aetatis
542 979 756 1054 impertiebant,
777 980 819 1048 (id
833 986 933 1040 autem
945 998 1005 1055 per
1019 984 1080 1041 ista
1093 997 1148 1044 see

146 1060 211 1117 cula
229 1060 390 1119 liberaliter
410 1058 577 1117 educandus
597 1059 718 1129 quisque
737 1054 884 1129 iaciebat)
905 1058 1016 1130 ingens
1038 1060 1094 1117 viri
1112 1057 1148 1116 di·

145 1139 272 1194 manavit
292 1137 474 1207 existimatio,
504 1149 664 1206 nomenque
685 1131 894 1204 quodammodo
915 1135 1091 1193 traductum
1110 1139 1148 1192 est

145 1213 175 1269 in
188 1213 281 1286 ipsam
295 1218 387 1270 artem
401 1210 633 1284 explicandorum
648 1215 678 1268 et
688 1209 921 1280 castigandorum
933 1210 1146 1284 scriptos-unt).

145 1289 192 1347 Ita
203 1287 312 1346 iactum
323 1294 368 1346 est
381 1287 513 1359 denique,
534 1293 575 1360 ut,
586 1286 715 1359 quamvis
729 1286 857 1344 vitamet
869 1287 962 1347 libros
977 1290 1046 1346 eius
1060 1287 1144 1346 multo

145 1365 238 1422 minus
259 1380 345 1436 quam
363 1363 567 1436 Aristophanis
586 1364 722 1434 norimus,
742 1362 806 1434 ipse
825 1363 973 1435 hodieque
995 1365 1029 1422 in
1050 1365 1145 1436 vulgus

95 1451 134 1493 aaa
147 1440 288 1500 celebrior
311 1441 351 1499 sit
375 1445 405 1498 et
423 1440 619 1513 Aristophane
648 1444 677 1497 et
697 1438 816 1510 reliquis
837 1439 984 1514 omnibuS,
1012 1441 1066 1513 qui
1085 1440 1146 1500 olim

146 1518 176 1575 in
194 1518 249 1577 hoo
268 1518 383 1576 minime
403 1517 509 1575 illustri
529 1532 636 1589 genere
656 1515 805 1574 doctrinae
826 1516 1061 1589 elaboraruutil.

212 1695 236 1764 ⁴)
253 1693 402 1746 Paucorum
420 1697 547 1746 accurata
563 1691 693 1746 memoria
710 1695 806 1759 exstat,
830 1691 1024 1746 nonnullorum
1043 1692 1082 1747 nil
1098 1691 1144 1746 nisi

145 1761 259 1816 obscura
269 1761 385 1826 nomina,
395 1759 467 1828 apud
476 1760 584 1814 Suidam
596 1758 703 1827 prodita
714 1760 862 1826 pessimat
873 1759 967 1827 Aperi,
984 1758 1144 1815 Dicaearchi

144 1828 351 1882 Lacedaemonii
369 1834 419 1881 etc.
455 1827 566 1896 Eorum,
602 1827 631 1880 ui
648 1826 749 1895 aliquid
767 1826 801 1880 ad
813 1828 961 1881 Homerum
973 1826 1145 1882 commentati

145 1903 218 1975 sant,
242 1896 355 1963 posthac
378 1896 478 1949 montio
501 1894 556 1948 fiet.
619 1896 643 1949 ic
661 1901 689 1948 et
706 1895 771 1949 alibi
788 1895 866 1948 valde
885 1895 1075 1951 desideramus
1091 1895 1144 1949 dili·

144 1964 291 2033 gentissimi
309 1963 391 2017 lensii
409 1963 568 2032 promissum
586 1978 654 2031 opus
672 1962 704 2015 de
723 1962 908 2017 Grammaticis
925 1963 973 2017 Gr.

212 2052 235 2115 ὁ)
257 2050 301 2116 Ap
322 2055 381 2102 aret
397 2050 449 2104 hoo
471 2064 505 2101 ex
528 2049 620 2102 multis
642 2048 708 2104 locis
730 2048 910 2117 Scholiorum,
938 2049 967 2102 in
991 2050 1094 2118 quihus
1118 2050 1145 2104 hi

143 2117 258 2172 maxime
276 2065 382 2170 ridiculi
400 2122 474 2185 sunt,
504 2116 538 2170 ad
579 2121 661 2171 em.
696 2113 806 2186 Ἐπειδὴ
829 2117 916 2176 οὕτως
932 2118 1013 2169 δοκεῖ
1027 2125 1068 2189 τῷ
1086 2117 1143 2189 Ἀρι-

144 2187 264 2256 ατάρχῳ,
289 2185 444 2249 πειθόμεθα
461 2187 544 2255 αὐτῷ,
569 2187 608 2244 ὡς
632 2185 703 2236 πάνυ
727 2185 833 2254 ἀρίστῳ
850 2183 875 2237 Γ
870 2189 1043 2256 ραμματικῷ,
1068 2193 1095 2240 et
1112 2185 1145 2240 ad

144 2255 168 2372 g.
187 2251 388 2372 QXMMdgloa
411 2255 536 2305 πειστέον
557 2251 731 2323 Ἀριστάρχῳ
754 2253 771 2321 ἢ
801 2256 840 2323 τῷ
863 2251 1017 2324 Ἕρμαπίᾳ,
1046 2254 1145 2307 εἶκαὶ

165 2338 236 2373 οκει
299 2339 316 2390 η
347 2339 450 2374 ευειν.

211 2408 235 2470 ⁸)
252 2406 375 2459 Eximiae
398 2406 432 2459 de
455 2407 611 2460 Aristarcho
634 2404 727 2459 laudes
749 2410 811 2459 sunt
835 2404 956 2473 aequalis
980 2404 1144 2490 philosophi,

142 2473 274 2538 Panaetii,
289 2489 337 2540 ap.
353 2474 451 2526 Athen.
470 2473 542 2526 XIV.
559 2490 586 2541 p.
599 2477 657 2528 634.
670 2474 697 2528 Ο,
716 2473 838 2528 vocantis
854 2473 928 2526 iham
939 2473 1084 2544 μάντιν,
1104 2476 1145 2527 δια

143 2542 175 2593 τὸ
200 2541 302 2611 ῥᾳδίως
330 2542 587 2603 καταμαντεύεσθαι
614 2543 663 2602 τὰς
688 2545 743 2593 τῶν
770 2541 925 2611 ποιημάτων
955 2542 1088 2608 διανοίας,
1119 2552 1145 2596 et

143 2609 219 2662 Sexti
230 2608 333 2675 Empir.
346 2623 368 2661 c.
380 2608 466 2662 Math.
479 2610 526 2677 IX,
546 2614 595 2663 110
616 2611 662 2677 qui
675 2625 735 2662 eum
747 2609 853 2662 Platoni
865 2609 1033 2676 aliarumque
1047 2610 1144 2664 artium

143 2676 252 2730 summis
270 2676 383 2743 ingeniis
401 2685 546 2744 comparat.
581 2677 708 2732 Notiores
719 2677 773 2731 loci
785 2683 847 2730 sunt
857 2677 1027 2744 Latinorum,
1046 2678 1075 2731 in
1092 2678 1145 2747 pri·

142 2743 193 2797 mis
210 2743 316 2797 Horatii
333 2745 394 2797 Art.
411 2751 483 2813 po'et.
501 2750 560 2799 450.
581 2745 716 2799 Ciceronis
733 2744 804 2812 Epp.
823 2744 858 2797 ad
875 2746 932 2798 Att.
951 2744 974 2812 1,
995 2749 1035 2799 14.

211 2831 234 2895 ⁷)
252 2829 307 2883 Gur
330 2830 529 2898 grammaticam
554 2830 702 2883 doctrinam
725 2833 826 2882 minime
849 2831 974 2882 illustrem
998 2830 1142 2897 appellem,

143 2897 227 2967 probe
238 2899 396 2967 intelligent,
415 2899 511 2967 quibus
529 2898 707 2966 antiquarum,
725 2897 884 2964 praesertim
902 2898 1058 2966 liberarum,
1083 2899 1144 2951 oiri·

143 2972 228 3019 tatum
251 2984 340 3020 mores
365 2974 392 3020 et
418 2966 507 3020 studia
530 2967 638 3034 cognita
660 2971 730 3019 sunt.
777 2965 818 3018 De
837 2965 933 3033 quibus
950 2965 1034 3019 verbo
1053 2965 1144 3019 monui

143 3050 175 3088 oa
196 3074 201 3085 .
213 3034 286 3087 XIII.
300 3052 325 3089 n.
337 3038 376 3088 12.
407 3035 459 3089 Sed
476 3035 504 3088 in
513 3040 626 3102 utroque
656 3033 745 3101 opulo,
757 3039 788 3086 ut
800 3049 922 3101 quaeque
935 3048 979 3086 ars
992 3039 1019 3085 et
1030 3034 1144 3088 scientia

143 3050 265 3155 suKtilior
282 3109 341 3155 erat
359 3108 386 3155 et
398 3116 433 3155 ex
445 3102 621 3157 abditioribus
630 3051 747 3155 lgntibus
756 3101 913 3166 haurienda,
931 3101 969 3152 ita
982 3101 1072 3154 minus
1085 3117 1142 3169 gra-

142 3170 196 3223 tiae
210 3175 237 3222 et
249 3169 359 3223 honoris
368 3170 486 3224 habebat
497 3171 525 3223 in
537 3169 639 3236 vulgus.
670 3170 766 3237 Itaque
784 3170 826 3222 vel
839 3169 1040 3222 utilissimarum
1053 3185 1142 3222 rernm

143 3237 232 3306 periti,
250 3239 419 3299 Geometrae‚
431 3236 594 3303 Astronomi,
609 3236 717 3304 Medici,
731 3237 904 3290 Grammatici
914 3242 942 3290 et
950 3235 1045 3289 critici
1056 3251 1142 3305 paene

143 3306 382 3360 contemnebantur
403 3322 469 3373 prae
487 3305 600 3358 Oratore
624 3310 652 3356 et
669 3319 758 3357 rerum
777 3303 893 3358 civilium
911 3303 1060 3372 prudente:
1086 3305 1142 3371 ipse

143 3371 319 3427 Archimedes
343 3375 445 3425 humilia
467 3371 635 3424 homunculus
658 3378 699 3425 est
727 3372 762 3426 ad
778 3372 917 3426 Platonem
937 3381 965 3425 et
983 3372 1141 3440 Archytam.

143 3438 301 3518 Quanquam
318 3441 404 3495 fastus
420 3441 465 3494 hic
483 3445 525 3493 est
541 3438 730 3508 Romanorum,
749 3440 795 3561 (lui
812 3441 906 3519 magis,
925 3455 1006 3507 quam
1023 3455 1142 3508 unquam

143 3506 240 3562 erasa
257 3507 387 3578 lecerunt,
403 3507 526 3563 hheralia
543 3506 632 3561 studia
649 3507 685 3561 ad
695 3508 755 3562 luce
767 3509 820 3560 lum
834 3524 875 3562 rer
883 3507 1008 3576 publicae
1018 3513 1046 3561 et
1057 3524 1142 3577 popu-
