2482 3960
456 322 650 406 x-49-

60 470 153 530 ditam
171 469 299 530 Homero
318 484 380 528 rem
399 470 493 528 videri
513 467 602 527 fuisse
621 469 738 528 minime
752 471 847 528 sinunt
861 469 1062 529 similitudines
1078 481 1102 520 ⁸1

58 548 93 606 Π.
115 567 141 604 0.
161 548 227 606 oto.
247 563 309 618 sqq.
331 553 361 605 01
380 546 484 619 Odyss.
506 564 530 603 ε.
553 548 619 606 371.
659 545 736 605 Usus
762 563 824 605 sum
854 547 898 605 his
926 547 1063 620 exemplis
1180 602 1188 607 ,

58 624 250 697 potissimum,
271 624 340 695 quia
358 624 522 681 luculenter
541 622 708 695 ostendunt,
729 623 799 694 quid
818 624 895 681 inter
914 623 1014 695 ignota
1035 629 1065 682 et
1126 639 1129 643 ’

58 701 146 772 vulgo
165 700 275 758 usitata
293 699 416 772 intersit,
437 705 468 758 et
487 715 574 771 quam
595 699 778 759 considerate
798 707 939 771 cauteque
953 701 1065 759 coniec-

56 777 182 836 tandum
202 777 241 834 sit
260 775 296 834 de
315 777 473 849 primarum
494 776 692 834 inventionum
707 782 737 834 et
749 793 861 834 morum
874 777 1064 835 successibus.

57 853 154 926 Finge
175 853 267 924 igitur
284 859 380 911 vatem
400 853 516 911 alicubi·
528 853 568 911 de
589 853 705 912 invento
721 852 821 911 Cadmi
836 869 888 911 seu
900 852 1064 911 Palamedis
1111 855 1113 860 ’

58 929 168 988 diserte
192 930 331 1002 10001010,-
364 931 410 988 vel
436 930 610 989 commercia
637 929 839 1001 epistolarum,
870 929 1006 1001 primum,
1032 936 1066 987 ut

57 1006 208 1079 plerisque
228 1006 351 1078 videtur,
370 1006 567 1064 rudimentum
588 1005 742 1078 scribendi,
763 1012 899 1076 tauquam
919 1006 1065 1077 vulgatam

57 1098 120 1141 rem
133 1087 272 1141 testatum
288 1097 365 1141 esse:
386 1099 454 1140 num
469 1097 555 1141 exeo
570 1082 642 1139 satis
657 1089 807 1154 appareat,
822 1083 909 1140 etiam
923 1082 1066 1140 volumina

59 1157 225 1220 carminum
245 1159 332 1217 scribi
351 1160 439 1218 moris
460 1157 573 1216 fuisse?
924 1206 925 1210 ,

139 1235 198 1295 Sed
219 1235 268 1308 qui
288 1235 347 1294 duo
367 1242 435 1292 suut
455 1235 532 1308 apud
548 1233 706 1294 Homerum
726 1235 791 1307 loci,
811 1235 842 1292 in
856 1235 958 1306 quibus
972 1235 1065 1292 simile

59 1311 199 1384 quiddam
209 1312 370 1384 scripturae
380 1313 535 1384 reperitur,
551 1318 688 1370 accurata
698 1312 900 1384 interpretatio
910 1311 995 1370 facile
1005 1313 1066 1370 vin·

59 1394 117 1461 cet,
139 1405 188 1448 eos
208 1405 266 1447 non
279 1389 371 1460 magis
387 1388 424 1446 de
439 1389 586 1460 scriptura
599 1388 783 1461 accipiendos
797 1404 871 1460 esse,
892 1405 977 1460 quam
991 1390 1065 1447 cele-

58 1465 140 1523 brem
166 1465 247 1523 illum
268 1463 459 1536 Ciceronis⁴³l
487 1465 524 1522 de
551 1465 746 1538 typographia
770 1470 878 1524 nostra.
916 1467 1014 1536 Atque
1034 1466 1064 1522 iu

58 1541 153 1600 altero
174 1541 290 1613 quidem
309 1542 382 1614 loco,
394 1541 438 1599 ·Il.
459 1561 485 1618 q.
508 1542 573 1599 175.
590 1557 663 1613 sqq,
684 1543 742 1600 cito
763 1547 967 1600 conventurum
988 1541 1063 1599 arbi·

58 1623 122 1676 tror
142 1618 219 1676 inter
237 1635 345 1691 omnes,
365 1617 437 1675 nihil
457 1619 565 1689 inesse,
588 1617 665 1689 quod
685 1619 818 1676 alterutri
831 1618 909 1690 parti
922 1615 1061 1690 proficiat.

57 1693 241 1752 Describitur
259 1694 300 1753 ibi
320 1694 422 1754 modus
437 1694 579 1753 sortiendi
593 1695 699 1753 illustri
713 1694 837 1766 quodam
852 1695 990 1766 exemplo,
1011 1693 1063 1752 sed

56 1770 108 1844 ita,
129 1776 162 1829 ut
182 1771 273 1830 omnis
293 1772 422 1830 narratio
441 1773 590 1844 reclamet,
612 1788 649 1830 ne
667 1772 792 1830 animum
810 1771 914 1829 subeat
924 1771 1062 1842 cogitatio

54 1845 228 1906 litterarum.
261 1848 336 1907 Nam
356 1845 481 1926 σήματα,
502 1848 607 1920 quibus
622 1846 742 1906 utuntur
755 1848 867 1919 heroes,
885 1845 987 1925 χαράγ
1006 1867 1063 1904 cra

56 1939 132 1996 esse,
153 1924 214 1982 sive
234 1925 317 1997 sigua
337 1925 507 1996 arbitraria,
530 1925 609 1997 ligno
639 1925 685 1982 vel
706 1924 756 1982 alii
775 1923 870 1988 inutili
888 1925 932 1981 rei
952 1941 969 1982 a
991 1924 1062 1996 dita,

55 1998 243 2058 manifestum
265 2008 310 2060 est
324 2018 416 2073 exeo,
437 2001 514 2073 quod
531 2018 605 2071 sors,
627 2016 701 2072 quae
715 2001 800 2072 galea
814 2000 892 2071 exiit,
912 2001 1063 2058 00110010-

58 2081 147 2136 euute
159 2093 303 2150 praecone
313 2079 467 2150 unicuique
482 2077 669 2150 agnoscenda
680 2073 945 2147 demonstraturss).
966 2076 1062 2147 Quare

56 2151 139 2212 verbi
164 2149 330 2232 ἐπιγράφειν
349 2173 375 2214 v.
398 2156 462 2214 187.
489 2153 593 2212 eadem
620 2150 790 2224 significatio
810 2152 849 2209 sit
867 2167 986 2210 necesse
1007 2158 1100 2224 001,οο

58 2245 135 2301 quae
148 2230 218 2289 alibi
231 2230 338 2303 ubique
352 2238 405 2302 est,
425 2229 558 2290 fodiendi
572 2245 626 2287 seu
640 2228 798 2301 scalpendi.
820 2228 926 2286 Sensus
940 2229 1061 2287 alterius
1123 2252 1125 2255 ·

56 2306 126 2376 loci,
146 2304 170 2372 ζ.
186 2313 249 2366 168.
262 2324 333 2381 sqq,
352 2307 519 2381 impeditior
537 2304 636 2364 iactus
651 2311 696 2364 est
717 2305 753 2363 ab
766 2305 812 2377 iis,
833 2305 882 2376 qui
894 2320 988 2363 mores
1001 2305 1062 2363 Ho

56 2382 179 2443 mericos
198 2400 256 2444 non
276 2384 390 2444 discere
409 2384 525 2457 abillo,
546 2382 599 2441 sed
621 2383 651 2440 in
667 2399 732 2440 eum
744 2379 860 2455 inferre,
882 2387 912 2439 et
925 2398 1000 2454 vaga
1013 2400 1061 2441 vo-

57 2459 162 2519 eabula
181 2460 219 2520 ad
239 2461 474 2520 consuetudinem
495 2460 541 2518 sui
562 2460 675 2518 saeculi
694 2465 829 2530 torquere
849 2458 988 2518 solebant.
1018 2461 1061 2517 Ac

100 2589 164 2688 ’43)
180 2619 223 2673 De
241 2620 303 2674 Nat.
320 2620 401 2674 Deor.
419 2619 455 2689 11,
473 2622 519 2676 37.-

127 2708 164 2771 44)
181 2706 234 2760 Hic
251 2705 420 2760 subnotanda
443 2711 485 2758 est
501 2705 593 2773 paullo
613 2709 676 2758 ante
694 2704 826 2772 promissa
843 2704 913 2757 ratio
931 2706 1060 2758 recentio-

57 2774 96 2828 ris
113 2772 277 2828 Seholiastae
300 2774 328 2827 in
345 2772 411 2826 Ven.
430 2773 495 2828 (lod.
513 2774 544 2826 B.
564 2774 599 2828 ad
622 2790 646 2826 v.
668 2776 739 2839 185„
763 2771 912 2824 suavissimi
939 2772 1060 2825 hominis.

57 2841 116 2896 Nos
132 2857 215 2896 uuum
234 2840 406 2921 alphabetum
424 2840 722 2921 molestetquaerimus3
740 2839 785 2892 ille
803 2844 845 2918 tot
856 2839 937 2893 habet
947 2838 1060 2906 diversa,

58 2915 125 2988 quot
142 2909 252 2964 suerunt
269 2910 363 2977 popull
381 2908 520 2989 Graeciae,
538 2925 566 2962 m
586 2925 672 2977 eoque
690 2923 798 2986 causam
814 2905 963 2985 videttcur
980 2921 1060 3026 ugus·

57 2974 1061 3126 111111111117111111111171·..111111111

56 3115 288 3239 aulea
547 3111 925 3249 0000100111

57 3250 83 3302 εἰ
111 3225 167 3320 rdp
196 3225 288 3312 κοινῶς
308 3199 414 3323 {jaccae
431 3200 597 3319 γράΖματα,
629 3221 684 3301 &det
708 3249 755 3299 τὸν
780 3199 884 3368 κ’ξροκα
907 3248 1060 3312 ἀναγνῶναι

57 3319 101 3372 καὶ
115 3319 190 3412 ’τοὺς
213 3316 327 3405 ἄλλους.
350 3316 390 3378 οἷς
414 3315 792 3444 ἐπεδείζνυτὲξὸὰνῗῆχροςς.τὰ
809 3312 1059 3445 ἐξὶιῦξῖαιιοῐοξᾷτέ.

12 3508 17 3517 ,
57 3389 176 3508 (03111110λῖ5
190 3387 666 3525 δέθἰιζέαὲμέζτῗῖῶνςοηέῗὲἰπώματα
674 3401 724 3502 γένη
749 3450 918 3520 ὑποκειμένῳ
940 3401 1059 3514 {grele}

57 3522 164 3594 λιθιδίῳ
182 3524 263 3596 τυχὸν
282 3525 299 3594 ἢ
317 3523 439 3594 ξοληφίῳ
457 3523 474 3592 ἢ
493 3522 607 3591 τοιούτῳ
625 3520 683 3575 τινί.

84 3619 178 3664 Wolf.
193 3620 364 3668 prolegomena.
899 3616 915 3654 “a
