2482 3960
113 1229 269 1314 Friderici
293 1253 417 1328 Augusti
440 1253 537 1315 Wolfii
562 1254 765 1328 prolegomena
792 1254 821 1311 in
846 1251 964 1313 Homeri
983 1251 1103 1313 Iliadem

115 1362 216 1438 quibus
242 1366 351 1425 caussis
381 1366 513 1426 commoti
548 1364 640 1425 denuo
668 1363 753 1423 edere
780 1365 1023 1438 constituerimus,
1048 1382 1104 1425 non

114 1482 159 1536 est
184 1476 261 1550 quod
286 1478 429 1551 copiosius
455 1476 637 1551 explicemus.
681 1476 755 1535 Nam
782 1479 815 1533 ut
839 1492 911 1548 opus
931 1474 1001 1533 illud
1021 1491 1104 1548 prae-

113 1587 326 1662 stantissimum,
347 1604 432 1661 quum
452 1605 478 1647 a.
495 1589 567 1647 1795
587 1589 708 1661 primum
727 1588 757 1646 in
775 1587 868 1646 lucem
888 1586 997 1646 editmn
1018 1591 1103 1660 esset,

112 1698 360 1760 vehementissime
391 1701 601 1775 philologorum
632 1699 729 1760 studia
758 1701 922 1773 commovit,
952 1700 994 1758 ita
1017 1698 1103 1760 hodie

113 1827 225 1884 quoque
260 1814 401 1872 communi
430 1814 554 1873 omnium
588 1813 736 1874 doctorum
760 1812 866 1872 iudicio
892 1813 974 1885 quasi
1003 1811 1050 1870 lex
1075 1816 1105 1871 et

112 1937 212 1982 norma
241 1925 359 1984 criticae
384 1925 431 1984 via
457 1941 492 1984 ac
517 1925 628 1984 ratione
648 1921 798 1982 faciendae
818 1921 954 1995 habetur,
979 1927 1012 1980 ut
1031 1936 1104 1980 nova

113 2031 179 2091 libri
204 2032 348 2108 editione,
376 2051 450 2106 quae
475 2035 600 2108 priorem
629 2038 764 2092 accurate
784 2031 991 2105 emendataque
1011 2033 1104 2106 expri-

112 2148 185 2218 mat,
215 2145 401 2218 plurimorum
427 2144 580 2204 commodis
606 2143 715 2203 consuli
735 2158 820 2215 posse
840 2141 980 2200 videatur.
1020 2141 1104 2200 Eius·

113 2252 190 2313 modi
216 2254 371 2315 editionem
396 2272 447 2314 nos
473 2254 625 2328 philologis
651 2253 809 2322 offerimus,
836 2253 887 2313 sed
908 2269 971 2312 eam
991 2258 1104 2312 auctam

112 2370 172 2422 tam
196 2365 342 2425 lucidenta
366 2367 542 2438 accessione,
568 2372 600 2423 ut
620 2383 637 2424 a
662 2366 729 2425 viris
755 2365 847 2426 doctis
875 2363 952 2424 haud
973 2365 1106 2438 exiguam

114 2474 236 2546 gratiam
267 2477 365 2535 inituri
397 2493 460 2534 esse
496 2475 653 2535 videamur.
699 2477 826 2549 Contigit
850 2477 924 2534 enim
949 2475 1044 2549 nobis,
1073 2480 1106 2534 ut

115 2586 273 2661 exemplar,
300 2603 355 2658 quo
374 2587 395 2644 Ι.
418 2585 569 2645 Bekkerus
590 2603 658 2644 usus
680 2591 724 2644 est
747 2587 990 2659 nanciscemur,
1024 2587 1105 2645 cuius

114 2699 237 2771 margini
268 2699 311 2756 vir
342 2697 522 2756 doctissimus
552 2698 750 2757 annotationes
784 2698 931 2770 ascripsit,
963 2714 1034 2769 quas
1059 2697 1105 2755 hic

114 2807 221 2882 publici
245 2809 316 2867 iuris
344 2807 471 2867 facimus.
511 2809 662 2868 Pertinent
687 2824 739 2867 eae
758 2810 911 2868 maximam
936 2813 1048 2881 partem
1068 2806 1106 2866 ad

116 2920 245 2979 criticam
276 2926 305 2978 et
336 2921 414 2979 locos
445 2919 694 2992 grammaticorum
725 2925 754 2978 et
783 2920 973 2992 interpretum
1003 2917 1105 2990 quibus

116 3047 151 3090 ea
183 3047 257 3105 quae
276 3029 396 3091 Wolfius
428 3031 578 3104 proposuit
607 3030 653 3089 vel
672 3029 845 3104 probantur,
875 3030 926 3087 vel.
941 3044 1106 3104 oppugnari.

115 3146 170 3200 tur.
214 3141 315 3213 Neque
339 3156 437 3200 omnes
462 3141 546 3199 simul
575 3138 626 3199 sed
652 3140 809 3199 identidem
835 3140 960 3213 repetita
981 3139 1105 3198 lectione

116 3251 256 3324 ascriptas
277 3267 341 3309 esse
361 3252 454 3323 ipsum
469 3252 615 3325 exemplar
628 3250 720 3310 docet.
755 3249 874 3309 Constat
887 3255 982 3308 autem
995 3249 1016 3310 Ι.
1030 3247 1105 3307 Bek-

116 3360 217 3420 kerum
237 3378 272 3421 ex
292 3376 348 3433 quo
368 3361 478 3420 iuvenis
499 3362 528 3419 in
541 3359 638 3421 Wolfii
657 3360 836 3435 disciplinam
856 3361 935 3419 venit
953 3377 1006 3434 per
1025 3375 1105 3420 sexa·

117 3472 197 3544 ginta
227 3488 277 3531 sex
307 3488 396 3531 annos
421 3471 540 3531 Homeri
572 3472 744 3531 carminibus
777 3471 963 3531 emendandis
989 3484 1115 3542 operam
