2482 3960
590 309 768 366 -50-'

182 466 260 519 certe
279 462 334 519 hoc
353 462 417 520 loco
437 467 471 519 ut
493 459 643 533 epistolam
669 464 829 531 exspectes,
849 458 959 516 inducit
972 457 1189 529 quodammodo

176 539 240 610 ipsa
254 552 316 609 res;
335 537 474 596 inducunt
489 534 615 615 σήματο;
630 535 706 607 (quis
720 537 814 594 nescit
829 531 977 598 Φοινικικὰ
986 531 1100 612 σήματα
1110 533 1189 594 Koid-

175 615 263 690 μουλ)
284 614 394 672 inducit
413 611 499 682 πίναξ
516 608 651 682 πτοκτός,
679 615 778 668 tabella
799 614 965 683 complicata,
986 612 1040 683 vel,
1063 612 1089 670 si
1113 613 1189 685 quid

141 711 165 750 ss
180 691 341 762 elegantius
362 691 487 763 quaeris,
512 692 654 760 obsignata
661 687 709 761 45).
743 688 789 746 lta
808 704 877 747 vero
890 704 1065 760 magnopere
1077 690 1189 749 miran-

179 766 233 825 dus
261 772 324 825 erat
356 784 513 827 consensus
544 767 727 837 antiquorum
754 765 958 837 interpretum,
989 765 1039 855 qui
1063 767 1188 826 verbum

179 841 298 919 γράφειν
315 844 363 902 hio
382 859 497 916 quoque
513 844 667 902 voluerunt
681 858 746 900 esse
757 839 919 919 χοράσσειν
932 857 956 898 s.
967 837 1050 911 ξεειν,
1069 839 1187 920 σήματα

179 921 277 978 nativa
295 921 323 978 vi
341 916 449 977 εἴδωλά
469 939 543 990 τινα,
569 918 673 976 πίνακα
695 918 818 989 denique
837 915 939 1001 σανιδοι
958 934 980 974 s.
1000 913 1187 994 §uiuipmvssp

245 1065 281 1131 4⁵)
300 1063 343 1118 Sic
360 1062 417 1116 iore
436 1062 533 1130 optimi
552 1063 641 1130 lntpp.
677 1061 852 1129 Franoogalli
870 1061 991 1129 plerique
1029 1064 1073 1114 dcc
1096 1066 1186 1133 lcum

178 1133 234 1183 bien
251 1133 363 1200 scell6m3
383 1130 491 1198 Pupius
513 1152 530 1182 α
548 1132 635 1183 scaled
653 1131 744 1194 caulem
762 1130 808 1183 alii
827 1130 955 1183 similiter.
985 1101 1067 1194 Quasi
1083 1130 1186 1185 Latina

177 1199 223 1252 illa
245 1199 273 1251 in
295 1203 373 1251 textu
390 1198 535 1252 vertissent
554 1214 568 1251 e
589 1198 733 1266 Cicerone,
758 1205 806 1252 aut
824 1198 1030 1264 descriptionem
1055 1198 1186 1266 plicatilis

176 1265 284 1319 tabulae
309 1265 484 1332 sumpsissent
508 1281 543 1319 ex
559 1265 705 1318 Herodian.
724 1266 793 1318 Hist.
811 1266 833 1334 1,
854 1269 909 1333 17.‚
933 1264 1006 1333 apud
1024 1280 1104 1333 quem
1123 1265 1185 1335 VH,

177 1337 202 1387 6.
220 1333 333 1392 πυκτοδς
345 1335 457 1392 πίνακας
468 1332 618 1387 Politianus
629 1332 697 1386 bene
715 1334 797 1387 vertit
816 1337 916 1386 litteras
928 1335 1078 1400 obsignatus.
1110 1333 1186 1389 Num

179 1402 260 1455 etiam
277 1401 373 1454 Pollux
392 1400 540 1454 audiendus
560 1401 611 1454 erit
629 1400 675 1467 IV,
697 1404 745 1469 18.,
764 1401 810 1455 ubi
829 1401 856 1453 in
874 1416 927 1454 una
940 1402 1079 1455 sericeum
1091 1417 1185 1456 recen-

178 1469 291 1534 tioribus
316 1469 474 1538 τριπτύχοις
501 1475 528 1521 et
552 1469 734 1539 πολοπτύχοις
760 1470 932 1523 Homericum
958 1469 1054 1521 πίνακα
1077 1467 1185 1523 affert?

179 1537 251 1590 Num
269 1537 396 1605 Tragici?
427 1536 500 1604 apud
518 1552 585 1604 qnos
603 1536 732 1605 leguntur
753 1539 877 1600 σανίδες,
901 1537 1015 1607 πτοχαί,
1040 1538 1136 1590 διοττυ
1157 1537 1186 1591 al

178 1606 357 1674 γραμμάτων,
375 1610 406 1659 ut
424 1620 466 1672 ap.
484 1604 651 1673 Euripidem,
678 1612 735 1658 tum
754 1606 826 1673 alibi,
844 1611 901 1658 tum
919 1605 1027 1673 Hippol.
1046 1609 1105 1660 856.
1161 1621 1184 1661 c.

179 1677 238 1728 970.
257 1673 373 1742 Scilicet,
391 1679 422 1726 ut
440 1672 507 1726 nihil
525 1673 612 1727 dicam
630 1673 664 1727 dc
683 1689 757 1727 more
777 1674 960 1742 Tragicorum,
978 1689 1061 1727 novas
1072 1688 1185 1728 consue-

178 1740 286 1795 tudines
303 1742 331 1793 in
343 1741 481 1795 heroicum
497 1757 592 1795 aevum
604 1741 790 1809 transferendi,
809 1741 906 1809 plicari
917 1746 1063 1809 potuenmt
1074 1741 1185 1796 tabulae

179 1810 398 1877 omnitempore,
417 1809 485 1862 sicut
502 1824 552 1863 nos
571 1810 702 1877 plicamus
721 1810 854 1863 chortam:
889 1809 917 1862 id
935 1826 1018 1863 unum
1036 1810 1185 1878 quaeritur,

180 1894 215 1932 an
238 1877 300 1930 illae
323 1878 394 1930 notis
417 1877 569 1930 litterarum
597 1882 625 1930 et
648 1892 713 1931 vera
732 1877 866 1946 scriptum
884 1878 1056 1946 consignatae
1073 1876 1185 1931 fuerint.

179 1946 210 1999 ld
227 1961 275 1999 nos
292 1960 342 1998 nec
360 1944 464 2013 Pollux,
481 1945 729 2012 necuercdicnus,
746 1960 796 1999 nec
813 1945 922 2014 Tragici
939 1946 1043 2000 docent.

260 2033 297 2095 46)
333 2031 543 2085 Accuratissime
567 2028 638 2085 'hoec
664 2031 836 2099 persequitur
858 2031 983 2085 Eustath.
1001 2048 1028 2100 p.
1046 2035 1105 2086 632.
1125 2047 1184 2101 sqq.

181 2098 207 2152 Γ
202 2101 353 2170 ραμμάτων
375 2104 476 2172 χρῆσις
500 2100 623 2168 νεωτέρα
642 2100 726 2152 ἐστίν·
758 2100 884 2160 ὡςαύτιος
900 2101 943 2154 καί
962 2103 992 2154 τὸ
1010 2097 1114 2158 ἄξεστα
1132 2119 1185 2170 ση-

181 2171 246 2233 μεῖα
270 2169 312 2220 διὰ
348 2170 486 2238 ροιμάτοιν
506 2169 638 2220 ἐντυπούν
658 2167 777 2237 ὕστερον
797 2169 923 2238 εὕρηται·
948 2169 993 2220 καὶ
1010 2170 1027 2238 ἡ
1046 2173 1100 2221 τῶν
1114 2186 1185 2240 χαρ-

181 2238 282 2306 ταρίιον
307 2188 348 2289 dg
358 2239 442 2309 χρεία
466 2240 515 2289 τοῦ
538 2237 613 2288 κάτοι
636 2237 739 2309 χρόνου
759 2237 875 2357 εδρήμα.
918 2237 947 2289 Οἱ
965 2238 995 2289 δέ
1013 2253 1046 2306 γε
1065 2237 1187 2300 παλαιοί,

182 2305 274 2357 ὁποῖόν
298 2323 325 2356 τι
347 2306 391 2356 καί
410 2306 435 2356 οἱ
460 2304 596 2372 Αἰγύπτιοι
614 2305 734 2368 ἐποίουν,
764 2305 815 2364 (wi
829 2307 857 2358 ιά
874 2323 935 2358 τινα
954 2304 1188 2374 ίερογλοφοῦντες

182 2373 226 2423 καὶ
246 2373 353 2431 λοιποὺς
378 2374 407 2424 δέ
431 2378 613 2442 χαρακτῆρας
638 2373 677 2432 εἷς
701 2375 838 2442 σημασίαν
864 2373 900 2424 ὧν
920 2373 1007 2438 λέγειν
1026 2371 1186 2438 ἐβούλοντο,

181 2440 253 2492 οῦτοι
271 2441 314 2491 καί
332 2440 417 2502 αὐτοὶ,
436 2441 508 2492 καύὰ
525 2441 569 2492 καὶ
587 2444 641 2492 τῶν
659 2458 731 2500 τινες
748 2441 865 2509 ὕστερον
885 2437 1007 2500 Σκυδῶν,
1032 2439 1187 2508 ἐσήμαινον

182 2506 333 2578 ἃήύελον,
359 2505 458 2559 εἴδωλά
482 2526 542 2559 τινα
567 2509 611 2560 καί
635 2509 763 2579 πολυειδῆ
786 2507 923 2576 γραμμικδ
941 2508 1067 2571 ξέσματα
1086 2507 1188 2576 ἐγγρά.

182 2593 281 2643 φοντες
303 2576 364 2645 ἤτοι
394 2576 576 2644 ἐγγλύροντες
603 2576 693 2635 πίναξι
716 2579 837 2632 τουτέστι
858 2579 981 2639 σανίσιν,
1014 2574 1133 2635 ἀλλοίοις
1156 2596 1188 2630 τε

182 2644 226 2693 καὶ
249 2648 309 2702 ταῖς
333 2646 363 2695 ἐκ
386 2645 497 2706 πύξοιν,
526 2643 560 2702 ἐξ
578 2643 615 2695 ὧν
635 2646 663 2697 αἱ
680 2645 825 2713 λεγόμεναι
847 2643 963 2703 πυξίδες.
999 2673 1032 2684 -
1071 2640 1189 2713 Σήματά

183 2729 263 2780 φησιν
288 2711 508 2780 ἐγκεκολαμμένα
532 2713 620 2765 πίνακι
646 2720 754 2766 πτυκτῶ
783 2718 824 2784 τῷ
843 2713 912 2766 κατὰ
930 2714 979 2783 τὴν
998 2712 1187 2786 ἀρχαιοτάτην

202 2784 290 2848 ρῆσιν.
323 2812 354 2821 -
385 2778 489 2832 Πίνακα
506 2782 631 2843 πτυκτόν,
650 2783 666 2833 ύ
684 2799 774 2849 φαμεν
796 2785 873 2854 ἡμεῖς
891 2781 981 2834 δέλτον
1000 2779 1061 2850 ήτοι
1077 2780 1187 2846 βιβλίον

180 2798 201 2916 ή
220 2849 358 2901 πιττάκιον
386 2879 417 2888 -
438 2845 511 2919 ’Ἔχοι
529 2845 561 2900 ἄν
580 2868 620 2909 τις
637 2850 681 2900 καὶ
698 2854 781 2902 τούτο
802 2851 840 2910 εἰς
856 2850 1012 2919 μαρτυρίαν
1031 2853 1078 2906 τοῦ
1097 2847 1190 2909 ξύλοις

185 2917 413 2988 ἐγχαράσσεσύαί
427 2936 494 2970 ποτε
510 2919 671 2986 γράμματα,
696 2917 712 2968 ὃ
729 2919 849 2980 μάλιστα
868 2919 911 2970 ἐπὶ
928 2918 1081 2990 μαρμάρων
1100 2917 1187 2969 iidoc

187 2989 235 3037 ἐπε
255 2986 368 3054 ειρήύή.
393 2983 435 3053 ἐφ’
460 2985 496 3036 ὧν
525 2985 569 3036 καὶ
586 2989 602 3056 ή
621 2988 706 3054 τούγ
726 2987 809 3054 α’φειν
830 2987 961 3056 ἁρμόττει
980 2983 1188 3051 δνοματοποιία·

186 3055 210 3105 εί
233 3003 263 3103 δὲ
285 3053 327 3104 καί
354 3054 488 3123 συνήγετο
506 3055 523 3124 ἡ
541 3055 650 3123 τοιαύτη
670 3004 763 3114 δέλθτος
781 3057 798 3126 ή
816 3056 846 3106 ἐκ
865 3055 964 3124 πεύκης
980 3053 1188 3125 τριγωνοειδῶς,

185 3122 254 3173 κατὰ
280 3121 344 3179 τοὺς
366 3120 485 3190 ὕστερον
507 3121 636 3181 Ἀττικοὺς
659 3118 777 3186 ἄξονας,
802 3124 831 3174 ἐν
854 3121 893 3182 οἷς
917 3124 1189 3193 ἐπινακογραφοῦντο

187 3191 273 3254 νόμοι,
301 3189 497 3259 κυριολεκτοῖτο
519 3188 551 3241 δν
580 3191 621 3242 ἐπ’
640 3189 724 3258 αὐτῆς
741 3191 785 3242 καί
802 3193 817 3243 δ
836 3193 898 3243 καθ’
911 3190 1026 3261 Ὅμηρον
1045 3187 1128 3246 πίναξ
1144 3188 1189 3241 καὶ

186 3262 202 3327 ἡ
222 3257 298 3327 παρὰ
321 3259 378 3316 τοῖς
395 3259 459 3319 μεθ’
475 3256 591 3328 Ὅμηρον
610 3259 710 3317 δέλτος.
742 3289 775 3300 -
802 3259 943 3331 Χρήσιμον
964 3260 994 3310 δὲ
1011 3262 1050 3319 εἰς
1068 3259 1114 3310 τδν
1133 3276 1189 3309 πα-

186 3327 271 3395 ρόντα
300 3326 382 3378 τόπον
410 3327 453 3378 καὶ
483 3327 515 3378 τὸ
543 3327 655 3379 παλαιὸν
686 3325 772 3392 loos,
794 3330 857 3381 καδ’
884 3328 899 3378 δ
926 3328 1048 3397 δένδροις
1074 3328 1128 3378 ὅσα
1144 3326 1190 3378 καὶ

187 3393 291 3451 πίναξιν
321 3394 498 3446 ἐνεκύλαπτον
523 3396 554 3447 ὀί
581 3394 688 3447 παλαιοί
718 3395 753 3446 τὰ
782 3403 837 3448 τῶν
866 3396 1036 3462 φιλοσμένονν
1056 3396 1188 3457 ὀνόματα,

187 3463 224 3520 ὡς
251 3460 330 3532 εἴπερ
350 3459 470 3531 Ἔρωτες
497 3465 514 3533 ἢ
544 3459 654 3532 Νύμφαι
682 3464 788 3530 ὀρειναὶ
819 3469 901 3516 τοῦτο
927 3464 1048 3516 ἐποίουν·
1077 3462 1142 3527 οἷον,
1171 3467 1188 3535 ή

188 3530 264 3581 δεῖνα
282 3530 358 3599 καλή,
377 3532 393 3583 ὁ
412 3531 489 3583 δεῖνα
506 3531 593 3591 καλός.
621 3562 654 3574 -
686 3532 728 3585 Ἐκ
754 3533 857 3585 τούτων
881 3532 912 3584 δὲ
929 3533 973 3583 καί
990 3533 1122 3603 παροιμία
1139 3550 1189 3584 πα-
