2482 3960
549 294 728 349 -126-

154 464 157 469 ’
221 444 298 502 Nam
319 442 356 502 de
375 443 411 500 iis
430 441 507 500 vitiis
528 446 559 500 et
579 442 733 515 erroribus,
754 442 857 514 quibus
870 456 987 502 omnem
1001 442 1144 502 ctHome

147 521 228 578 ricae
248 525 278 579 et
291 519 421 580 Graecae
441 518 579 579 orationis
599 534 697 577 veram
716 520 858 578 rationem
878 523 1054 592 pervertere
1072 517 1144 577 vide

143 601 203 669 tur,
219 597 305 655 aliter
317 597 347 654 in
360 596 475 654 saeculo
489 595 683 667 grammaticis
696 595 861 670 praeceptis
874 593 1059 666 abundante,
1067 596 1146 656 ulitm

143 672 175 731 in
195 672 245 732 illo
265 678 394 732 statuere
414 671 555 731 convenit.
593 671 670 731 Ante
691 672 766 731 enim
786 687 871 744 quam
889 672 995 744 lingna
1008 671 1049 731 ad
1062 672 1147 732 subii

153 749 264 808 litatem
284 754 506 822 praeceptorum
526 748 667 807 curiosius
687 749 818 808 revocari
837 753 942 822 coepta
962 754 1041 822 erat,
1065 749 1148 808 etiarn

146 826 301 898 ingenioso
321 825 381 884 labi
399 825 482 883 licuit
501 829 532 883 et
550 825 725 884 inconstanti
744 841 809 884 esse
822 825 853 883 in
864 825 920 884 hoc
932 840 1056 898 genero,
1077 824 1149 898 quoi

148 903 265 975 ingenio
285 903 378 960 minus
399 917 485 973 quam
505 906 568 960 arte
586 902 708 974 regitur.
746 902 816 974 Ipsa
833 917 903 960 vero
923 917 972 960 ars
992 917 1084 973 quam
1096 903 1149 960 exi
1197 912 1199 933 ¹

146 980 210 1052 guis
229 980 260 1036 in
279 979 366 1038 rebus
385 977 492 1037 titubet
502 993 617 1035 cursum
630 977 805 1050 ingrediens,
826 993 970 1050 quamque
986 979 1016 1036 oi
1029 994 1149 1052 pronun
1197 978 1199 983 '

153 1055 200 1128 sit,
221 1056 288 1113 dum
302 1056 379 1114 inter
398 1054 634 1113 consuetudinem
653 1055 825 1128 scriptorum
846 1059 876 1112 et
887 1053 1055 1127 legitimam
1067 1055 1150 1116 ratio

152 1147 218 1190 nem
238 1130 399 1190 diiudicare
419 1130 526 1203 studet,
547 1130 583 1189 ab
604 1136 727 1204 utraque
740 1147 841 1191 norma
853 1129 1061 1204 imprudenter
1073 1130 1150 1191 ab*

145 1223 227 1279 rare,
242 1209 348 1266 nemini
362 1207 536 1278 intelligenti
550 1207 702 1266 obscurum
717 1223 782 1266 esse
790 1212 897 1281 potest
916 1207 1026 1279 Itaque
1038 1205 1151 1267 inerunt

153 1283 298 1342 interdum
318 1283 435 1355 eruditi,
455 1284 505 1354 qui
524 1284 691 1356 Varronem,
712 1289 743 1342 et
762 1284 787 1343 si
800 1284 849 1355 qui
862 1282 947 1342 huius
961 1285 1107 1357 aequales
1117 1280 1150 1343 do

155 1361 249 1418 causis
269 1360 408 1419 sermonis
428 1359 527 1417 Latini
547 1361 710 1433 anquirunt,
731 1360 916 1434 contemptim
934 1359 1102 1420 invitarent
1117 1359 1151 1420 ad

150 1436 268 1496 scholas
288 1452 365 1508 suas,
386 1441 419 1494 ut
438 1451 511 1508 quae
532 1437 600 1496 olim
612 1435 721 1496 frustra
734 1437 952 1509 quaesivissent,
972 1435 1152 1497 facillimect

149 1513 369 1571 accuratissime
396 1512 550 1574 discerent.
588 1513 622 1571 In
640 1514 798 1587 primisque
818 1528 906 1586 saepo
925 1514 1019 1586 periti
1037 1515 1151 1589 linguae

151 1589 329 1661 Hebraicao,
354 1589 434 1648 cuius
459 1594 557 1648 tamen
582 1591 751 1661 quantillam
773 1595 887 1664 partem
912 1591 1151 1664 complectantur,

154 1665 282 1725 viderint
301 1666 367 1739 ipsi,
388 1664 522 1725 deridere
541 1667 636 1727 solent
653 1665 804 1726 Philonem
816 1666 966 1738 Iudaeum,
988 1666 1150 1741 Origenon,

156 1742 373 1815 Hieronymum,
394 1748 495 1814 utpote
509 1759 629 1815 quorum
643 1743 770 1816 cognitio
783 1741 913 1802 florentis
926 1742 1026 1803 adhuc
1037 1744 1151 1819 linguas

97 1824 135 1863 ²⁰⁶
153 1819 239 1891 louge
259 1823 371 1876 remota
391 1819 511 1878 eratali
532 1835 568 1878 ea
587 1820 756 1891 subtilitate,
783 1835 868 1892 qnam
887 1816 1033 1893 professio
1054 1821 1151 1881 Gran·

154 1895 253 1952 matici
273 1893 454 1966 exigeretu).

229 1970 326 2042 Atque
346 1970 384 2029 ad
403 1971 477 2030 hanc
501 1976 628 2030 aetatem
647 1971 778 2032 Graecae
804 1973 920 2046 linguae
939 1973 1152 2048 retorquendus

158 2053 205 2106 ost
219 2047 330 2106 animus
343 2053 452 2121 noster,
473 2053 506 2106 ut
519 2047 556 2106 de
569 2048 669 2121 primis
683 2050 755 2108 artis
768 2048 936 2108 auctoribus
947 2055 1033 2110 recte
1046 2056 1081 2110 st
1092 2066 1152 2110 orn

157 2125 307 2196 aequitate
327 2125 496 2183 iudicemus.
528 2126 614 2198 ipsae
627 2124 743 2196 quidem
756 2124 898 2185 Zenodoti
916 2126 1156 2200 scripturientis

158 2206 261 2273 genter
275 2216 414 2260 excussae
426 2198 579 2262 manifesto
592 2201 756 2274 ostendunt,
776 2203 882 2260 multas
896 2201 1120 2265 observationes
1130 2208 1157 2264 ct

156 2279 273 2349 regulus
287 2278 425 2336 sermonis
436 2283 566 2350 tempore
579 2278 657 2336 illius
670 2278 796 2337 nondum
808 2279 982 2352 constitisse,
996 2296 1074 2353 quas
1086 2297 1157 2340 nunc

161 2353 238 2412 docti
265 2353 430 2425 indoctique
454 2355 540 2426 vulgo
566 2354 720 2426 sequimur.
759 2354 801 2414 Ut
820 2354 857 2414 de
876 2354 1012 2416 dualibus
1031 2374 1094 2418 non
1111 2374 1156 2432 po

158 2601 275 2669 plarium
297 2599 377 2654 iidem
405 2599 565 2668 ignoremus.
604 2599 646 2654 Dc
667 2600 719 2654 hac
742 2604 833 2654 autem
860 2597 1048 2667 quaerendum
1073 2600 1159 2656 inerti

157 2668 326 2791 tviffinrlffigsse
327 2667 491 2790 1patriusquam
512 2666 644 2722 Zenodoti
665 2668 798 2736 insignem
820 2667 959 2775 audaciam
987 2672 1016 2721 st
1033 2667 1159 2737 ignorun-

282 2828 380 2895 Ἣμεῖς
395 2829 455 2910 γὰρ
467 2829 542 2890 κλέος
558 2828 613 2882 οἷον
631 2829 772 2896 ἀκούομεν,
790 2828 853 2882 οὐδέ
870 2847 896 2881 τι
913 2825 1001 2892 ἴδμεν.

47 2941 52 2949 ·
157 2925 233 2978 Nihil
249 2926 359 2990 scimus,
381 2924 432 2978 uisi
458 2922 522 2992 quid
548 2923 576 2976 in
598 2922 668 2976 illius
690 2923 845 2977 recensione
864 2921 962 2976 lectum
979 2921 1067 2976 inerit
1085 2924 1159 2989 olin;

158 2993 191 3047 de
210 2993 308 3047 iudicio
326 2992 376 3046 viri
392 3007 488 3060 parum
506 2996 625 3057 constat3
642 2989 689 3044 sed
706 2990 765 3058 ipsa
782 3005 825 3045 res
842 2990 940 3058 arguit,
956 2990 1079 3058 plurima
1096 2990 1160 3046 vitiu

160 3075 221 3114 eum
239 3075 273 3114 ex
282 3060 476 3128 antiquioribus
484 3058 603 3113 fontibus
611 3058 734 3126 traxisse,
753 3073 822 3125 quae
834 3058 877 3112 vel
887 3057 1049 3113 doctissimis
1061 3059 1159 3129 poetis

159 3129 251 3196 quales
265 3127 442 3181 Antimachus
459 3134 487 3180 et
505 3127 682 3181 Callimachus
700 3125 816 3195 suerunt,
832 3126 1009 3194 imponerent

224 3232 260 3296 74)
277 3229 327 3283 Cui
344 3229 452 3298 ignotus
470 3236 511 3283 est
524 3229 673 3297 Scioppius,
692 3231 833 3282 clocarium
848 3229 1049 3281 Grammaticnm
1061 3229 1158 3285 Roma¹

158 3314 251 3352 norum
270 3297 369 3366 ubique
388 3297 518 3366 crepans?
545 3296 603 3351 Nec
620 3297 704 3351 levius
722 3297 774 3351 Ios.
793 3296 912 3364 Scaliger
934 3301 1048 3363 questus
1067 3296 1160 3352 etalii

161 3366 193 3418 de
212 3366 352 3419 ineruditis
375 3366 438 3420 olim
461 3365 556 3419 studiis
575 3364 681 3433 linguae
699 3364 858 3419 Hebraicae.
894 3364 994 3418 Contra
1012 3380 1085 3432 quos
1101 3366 1160 3421 bro·

160 3433 230 3486 viter
247 3433 294 3487 sed
311 3433 509 3489 accommodate
526 3432 650 3487 adhunc
668 3432 754 3488 locum
772 3439 891 3487 nostrum
910 3430 1032 3500 disputat
1049 3433 1159 3490 Erncst

159 3500 256 3568 Opusc.
274 3502 366 3569 philol.
383 3517 410 3570 p.
426 3506 485 3558 296.
498 3517 556 3570 sqq.
