2482 3960
506 204 685 283 ‘'17⁷-

104 358 217 416 minime
238 357 354 416 dubium
375 362 428 429 est,
448 358 504 415 etsi
522 358 552 414 in
570 356 691 416 Psalmis
712 361 742 416 et
760 358 789 416 in
802 358 954 432 Prophetis
974 361 1088 433 quibus-

103 435 168 493 dam
188 435 350 506 antiquiora
363 441 394 493 et
412 435 573 493 recentiora
587 433 719 496 Carmina
736 439 822 506 atqua
836 434 970 496 vaticinia
982 437 1088 498 diversi

102 512 216 584 generis
240 510 358 571 confusa
380 509 529 570 fortuitam
555 510 755 584 potiusquam
774 509 955 572 artificiosam
975 530 1087 588 compa-

103 589 197 660 ginem
221 587 354 661 produnt.
390 586 520 646 Alterum
546 604 601 659 quo
625 604 731 660 magna
751 587 905 649 similitudo
923 590 1023 649 borum
1043 609 1088 652 sa·

102 681 213 724 crorum
238 665 410 723 voluminum
434 669 464 723 et
482 665 600 724 Homeri
625 665 763 734 cemitur‚
789 664 904 724 fortuna
933 671 978 726 est
997 667 1086 740 ipsius

102 746 206 801 textus.
250 743 324 800 Nam
356 757 440 814 quum
460 741 586 836 primum
611 742 814 814 colligerentur
839 742 890 801 illa
914 759 970 802 uon
993 746 1088 818 potuit

101 834 158 878 una
182 824 212 877 at
237 823 368 878 constans
392 815 549 896 παραδοσις
574 834 637 877 esse
657 822 765 888 textus,
792 823 871 877 certa
889 835 946 878 non
965 820 994 878 in
1014 822 1086 879 anti·

101 894 248 968 quioribus
270 895 409 969 portibus.
454 894 575 967 [Tamen
596 893 656 966 jam
676 894 932 954 Alexandrinorum
958 900 1085 969 tempore

100 970 161 1031 iere
188 972 304 1045 vulgata
328 971 469 1045 quaedam
497 970 589 1032 forma
618 969 756 1045 inducta]
799 970 985 1030 Alexandrini
1014 975 1086 1033 enim

100 1049 272 1122 interpretes
291 1049 427 1109 nonnulla
447 1065 482 1108 ex
501 1049 559 1108 alia
578 1064 662 1120 quam
682 1064 755 1120 qnae
774 1047 860 1108 hodie
879 1046 971 1108 fertur
988 1065 1086 1108 recen·

99 1126 178 1184 sione
198 1127 373 1186 convertisse
386 1130 505 1185 constat.
539 1125 592 1184 His
607 1130 702 1184 autam
722 1125 792 1199 ipsis
808 1125 919 1185 Christo
938 1131 1008 1186 nato
1021 1143 1087 1200 pro·

99 1202 227 1275 pioribus
247 1203 369 1263 saeculis
394 1202 502 1274 aliquid
520 1218 611 1262 novae
630 1218 737 1275 operae
756 1206 890 1261 cavatum
911 1218 974 1262 esse
994 1204 1085 1262 credi·

99 1279 158 1341 bile
179 1277 224 1350 fit,
253 1280 312 1338 sive
338 1294 371 1337 re
390 1279 477 1338 adid
496 1278 633 1352 ducente,
663 1295 715 1338 seu
735 1294 770 1337 ex
790 1279 920 1338 Graecae
939 1279 1085 1339 doctrinae

100 1355 291 1415 aemulatione
311 1354 480 1428 quadamil)
512 1355 633 1430 [quanta
657 1355 688 1412 iu
715 1354 824 1415 iudaea
852 1355 966 1428 ingenia
995 1357 1084 1431 cadit]

100 1448 262 1506 perquam
289 1432 346 1491 alia
372 1431 458 1490 etiam
485 1430 513 1488 in
538 1431 696 1496 Bibliomm
726 1432 925 1492 tractationem
935 1431 971 1505 39)
1002 1438 1031 1491 et
1055 1435 1085 1491 in

100 1511 192 1582 ipsam
215 1508 382 1581 religionem
408 1507 598 1568 Christianam
626 1509 767 1567 translata
798 1514 870 1567 aunt.
918 1508 1003 1569 Certe
1032 1512 1086 1568 tal-

100 1585 231 1644 mudicae
250 1587 373 1660 vestigia
392 1586 509 1645 criticae
523 1590 636 1645 exstant
649 1584 789 1657 eiusmodi
802 1590 834 1644 ut
847 1585 989 1646 doctiores
1003 1603 1085 1660 quoa·

101 1662 209 1721 damin
228 1663 381 1723 lectionum
401 1663 543 1729 variarum
563 1662 677 1723 delectu
695 1663 753 1722 iam
772 1663 917 1734 aliquanto
937 1668 1003 1722 aute
1021 1664 1086 1722 Ma·

99 1757 193 1800 soram
217 1739 361 1800 conditam
386 1745 514 1800 versatos
540 1757 602 1801 esse
623 1745 764 1815 oporteat.
796 1740 864 1814 Ipsa
883 1755 951 1800 vero
968 1740 1085 1800 Masora

99 1833 185 1887 quum
199 1818 332 1890 congerie
351 1819 493 1878 variarum
513 1819 672 1892 glossarum
692 1824 721 1876 et
740 1817 917 1878 notationum
931 1815 1083 1889 constet40)

99 1893 176 1951 baud
189 1892 275 1953 dubie
284 1896 380 1967 plures
393 1895 482 1954 habet
493 1896 669 1967 antiquiores
681 1894 843 1954 notationes
857 1909 976 1965 quarum
989 1899 1084 1952 tamen

99 1974 230 2029 auctores
250 1971 345 2030 omissi
369 1977 459 2030 totam
478 1988 538 2030 rem
558 1971 789 2031 obscuraverunt.
828 1969 976 2028 Maturius
990 1974 1085 2029 mmen

99 2047 226 2105 Hebraei
242 2063 327 2118 quarn
341 2048 444 2107 Graeci
463 2048 610 2106 desierunt
627 2062 715 2106 novas
728 2045 864 2104 lectiones
879 2046 1041 2118 excogitare
1056 2051 1085 2106 et

99 2123 182 2181 simul
196 2122 339 2183 inductam
351 2121 507 2201 παράδοσιν
521 2123 592 2195 atil)
607 2127 707 2197 aperte
720 2120 890 2195 vitiatamffl)
905 2138 1085 2183 consecrave-

99 2205 174 2258 runt.
224 2200 323 2274 Longe
356 2216 425 2274 argo
457 2201 580 2260 maxima
611 2215 680 2274 pars
712 2199 845 2258 vitiomm
875 2215 949 2271 quae
973 2215 1085 2258 sacrum

99 2281 208 2335 textum
228 2275 453 2351 corrumpuutss)
463 2277 525 2349 jam
545 2276 749 2350 antiquissimis
763 2276 938 2351 temporibus
953 2280 1022 2335 nata
1032 2282 1084 2350 est,

99 2370 185 2424 quum
204 2355 233 2413 iu
251 2355 331 2413 illum
350 2355 517 2414 conminus
536 2355 592 2414 sibi
610 2354 698 2413 licera
718 2355 855 2427 putarent
874 2352 980 2413 ludaei
999 2369 1083 2427 quam

99 2432 128 2488 in
147 2432 273 2502 quemvis
292 2433 445 2490 humanum
463 2431 566 2490 librum
585 2437 721 2492 veterem.
761 2429 831 2490 Sero
852 2431 927 2489 enim
945 2430 992 2490 hi'c
1005 2447 1085 2492 error

98 2509 239 2568 succrevit
257 2509 305 2582 qui
324 2510 437 2582 singula
455 2509 543 2569 verba
561 2508 748 2583 scriptoribus
767 2507 824 2566 illis
844 2507 925 2580 quasi
945 2507 1085 2569 dictatae

98 2587 212 2644 numine
236 2584 371 2659 fingeret3
402 2586 502 2662 [neque
521 2587 551 2644 in
571 2603 633 2646 eam
653 2583 855 2659 opiniouenss)
876 2584 1024 2658 quisquam
1043 2587 1084 2643 in·

99 2661 196 2720 cidere
214 2667 341 2735 poterat,
355 2663 502 2737 quamdiu]
524 2664 594 2723 satis
620 2661 796 2733 obstabat4it
817 2661 969 2721 diversitas
989 2667 1083 2721 textus

99 2739 227 2810 pluribus
246 2740 316 2797 locis
335 2739 493 2812 traditaffi).
524 2740 607 2799 Adde
627 2737 703 2811 quod
723 2738 809 2797 etiarn
821 2743 923 2810 postea
941 2738 1041 2803 eadem
1054 2739 1084 2796 in

99 2815 215 2873 lieentia
234 2816 340 2874 versati
360 2822 426 2875 sunt
445 2816 522 2879 docti
540 2816 667 2877 homines
680 2816 710 2873 in
724 2813 957 2875 translationibus
970 2815 1082 2874 Veteris

99 2892 275 2950 Testamenti
287 2890 468 2966 raingardis,
489 2894 591 2966 quibus
604 2899 700 2953 tamen
719 2909 775 2952 non
793 2892 930 2952 minorem
948 2890 1082 2965 propefl)

101 2985 185 3039 quam
211 2969 351 3029 Hebraeis
377 2971 463 3029 textis
488 2971 666 3030 dimmtatem
690 2968 858 3028 tribuerent.
891 2967 971 3028 Haec
990 2969 1083 3029 omnia

99 3047 245 3118 reputanti
258 3047 334 3106 risus
345 3051 390 3106 est
399 3063 481 3106 sacer
494 3053 590 3108 textus
599 3044 854 3120 Masorathicusss)
868 3045 925 3107 iam
940 3050 1006 3106 aute
1018 3044 1082 3105 Ghr.

168 3223 204 3290 ³⁸)
226 3224 381 3280 imitatione.
482 3226 518 3295 49)
543 3225 720 3283 traditionem.
821 3228 857 3296 44))
878 3224 981 3282 offerat.

98 3295 135 3359 41)
157 3291 207 3347 rel.
308 3295 343 3362 42)
369 3292 471 3348 falsam.
571 3296 607 3366 4³)
630 3295 726 3364 quibus
743 3310 818 3352 sacer
835 3300 925 3351 textus
942 3298 1082 3363 corruptus

100 3367 149 3414 est.
258 3362 293 3431 44)
320 3377 443 3418 errorem.
549 3365 585 3434 ⁴⁶)
608 3363 776 3434 impediebat.
877 3365 913 3434 44)
935 3362 1081 3419 mamlesta

99 3429 135 3501 44)
152 3443 251 3498 parem.
351 3432 388 3500 4⁸)
405 3436 503 3488 noster.
