2482 3960
482 327 661 381 -133-

68 468 133 541 ipse
147 464 308 544 φιλόμηρος
320 464 428 539 furth),
449 473 536 539 atque
549 466 702 539 Epiphane
715 472 777 525 tum
790 467 913 524 maxime
926 467 1072 540 imperan-

68 543 147 602 tibus
168 544 297 601 illustris.
337 543 365 601 Is
393 544 550 601 secundum
571 543 776 602 Callimachum
797 549 827 601 et
845 543 1070 603 Eratosthenem

66 621 203 694 princeps
224 621 364 678 acerrimo
385 619 481 679 studio
496 620 688 690 cognitionem
701 625 853 692 poetarum
868 625 899 678 et
911 637 1009 679 omncs
1023 622 1070 678 lit-

67 705 148 755 teras
169 697 350 768 antiquitatis
372 695 573 769 amplexus⁸⁶)‚
594 695 632 753 ad
653 697 814 768 exemplum
833 696 1069 769 philosophorum

67 778 100 831 et
119 772 266 831 rhetorum
287 773 503 845 grammaticam
523 773 649 831 scholam
670 773 798 844 aperuIt,
826 789 862 830 ex
890 790 947 845 qna
967 780 997 831 et
1017 774 1067 831 alii

66 849 215 907 Homerici
234 850 417 921 prodierunt,
446 849 585 920 equibus
609 848 753 921 hodieque
779 853 839 906 tres
867 850 929 908 noti
948 849 1068 922 1111181),

134 1057 170 1124 se)
186 1056 291 1112 Aelian.
309 1054 340 1111 V.
359 1055 394 1109 H.
412 1055 488 1123 XIII,
506 1058 548 1110 22.

135 1140 171 1205 ⁸⁶)
189 1140 276 1195 Studii
293 1141 446 1208 perimacia
462 1139 623 1208 inteIIIgitur
639 1139 756 1193 maxima
773 1138 856 1193 luisse
878 1155 912 1194 ex
930 1140 996 1195 locis
1013 1142 1069 1198 Cic.

63 1208 101 1262 de
119 1207 150 1261 F.
169 1209 200 1261 B.
219 1215 247 1262 et
264 1209 304 1262 Μ.
323 1208 354 1276 V,
375 1213 414 1263 19.
434 1213 461 1261 et
478 1207 608 1262 Varronis
626 1209 659 1263 de
677 1209 708 1262 L.
727 1207 759 1260 L.
777 1206 823 1261 IV.
841 1208 926 1275 priuc.
944 1210 991 1262 ubi
1009 1211 1069 1264 Ari·

63 1276 192 1343 stophani
210 1280 317 1328 lucerua
334 1276 477 1344 tribuitur,
502 1277 583 1330 etiam
609 1291 642 1329 ex
660 1275 774 1330 ridicula
791 1277 945 1331 narratione
963 1276 1069 1332 Vitruu

65 1343 226 1400 Praef.vl1.
261 1360 315 1412 qua
332 1363 415 1396 amaea
432 1345 510 1395 libror
526 1363 557 1396 ex
575 1344 665 1396 ordine
684 1344 795 1410 quotidie
811 1363 909 1396 summa
926 1346 1065 1413 diligentia

63 1414 201 1479 perlegisse
224 1385 318 1466 Iertur.
353 1411 432 1478 Quod
455 1426 533 1465 nemo
558 1413 684 1466 aliorsum
708 1413 781 1476 (uam
805 1412 932 1480 pinguius
949 1411 1070 1481 loquitur

63 1479 252 1548 Architectus)
271 1495 351 1547 quam
369 1478 404 1532 ad
422 1478 556 1533 assiduam
569 1480 711 1533 lectionem
724 1478 895 1533 classicorum
907 1481 1069 1548 scriptorum

63 1547 233 1615 docendique
252 1563 361 1615 operam
379 1547 478 1600 trahet.
513 1548 565 1600 Hic
582 1547 648 1599 mihi
666 1547 695 1599 in
712 1552 829 1600 mentem
848 1548 922 1601 venit
933 1549 984 1602 riri
996 1549 1069 1602 docti

61 1613 227 1668 ferventiore
239 1615 354 1683 ingenio,
373 1630 452 1682 quem
470 1630 558 1682 nuper
569 1614 669 1683 audiri,
688 1631 769 1683 quum
782 1615 961 1683 praedicaret,
979 1616 1069 1672 adole·

64 1683 216 1736 scentulum
240 1698 269 1736 sc
288 1688 346 1736 tota
363 1681 451 1736 Biblia
469 1698 547 1736 sacra
564 1683 635 1735 inter
651 1683 794 1750 prandium
812 1689 841 1737 et
858 1684 995 1751 potionem
1013 1684 1066 1738 cal·

65 1749 119 1802 dee
136 1750 269 1804 Arabicae
288 1750 429 1818 perlegere
447 1750 554 1804 solitum
573 1765 641 1804 esse.

134 1835 170 1901 ⁸⁷)
187 1835 321 1903 Agalliam
340 1836 516 1903 Corcyraeum
541 1835 595 1888 iam
613 1835 677 1888 alibi
695 1834 818 1902 produxi.
853 1834 921 1890 Eius
939 1837 1069 1892 condisci-

63 1901 144 1971 pulos
168 1904 290 1956 novimus
312 1902 392 1970 duos,
416 1903 578 1971 Diodorum,
607 1903 683 1956 cuius
708 1903 801 1971 inepta
823 1907 953 1959 correctio
974 1905 1069 1974 Odyss.

64 1971 89 2023 δ.
111 1974 150 2023 18,
168 1972 229 2022 καθ’
248 1971 348 2030 αὐτοὺς
364 1971 532 2038 improbatur
549 1972 583 2026 ab
601 1971 699 2025 Athen,
711 1970 758 2023 IV.
776 1987 803 2038 p.
818 1975 874 2025 180.
891 1972 925 2025 Ε.
943 1977 971 2025 et
987 1973 1068 2027 huius

17 2096 19 2100 ,
62 2036 251 2104 compilatore,
272 2038 410 2106 Eustath.,
434 2039 481 2107 qui
504 2045 532 2091 et
554 2055 581 2107 p.
601 2042 679 2093 1504.
714 2038 851 2107 Διόδωρον
872 2037 1062 2103 Fornacalia

61 2104 165 2172 laudat,
183 2106 217 2158 ah
236 2106 290 2173 illo,
307 2111 429 2174 utputo,
448 2112 476 2159 et
494 2121 534 2173 eo,
558 2107 634 2160 cuius
652 2105 739 2159 Schol.
758 2105 832 2158 Pmd
851 2058 945 2159 lstIm.
963 2107 1000 2174 H,
1017 2111 1059 2162 54.
1106 2148 1112 2158 .

61 2172 198 2238 meminit,
225 2190 279 2227 non
297 2174 444 2240 diversum,
469 2179 550 2240 atque
569 2173 764 2238 Callistratum,
794 2173 840 2239 qui
865 2188 909 2239 ap.
926 2173 1025 2227 Athen.
1044 2175 1068 2228 1.

61 2257 89 2310 p.
108 2245 151 2294 21.
171 2241 191 2293 C
217 2241 402 2295 Aristarchum
422 2241 520 2294 acriter
537 2241 661 2308 castigat,
680 2255 733 2293 non
745 2239 779 2292 oh
792 2241 891 2294 malam
904 2240 1068 2296 emendatio·

61 2324 132 2375 nem,
151 2307 199 2360 sed
216 2306 288 2375 quod
305 2309 330 2361 ei
342 2309 449 2373 pallium
462 2308 604 2360 diseederet
616 2311 707 2372 impar.
743 2307 819 2361 Idem
832 2308 1003 2362 Callistratus
1016 2314 1066 2377 est,

61 2376 140 2430 cuius
158 2376 341 2429 commentarii
353 2375 415 2429 olim
426 2375 584 2429 ferebantur
596 2375 631 2428 ad
642 2375 797 2443 Homerum,
815 2374 970 2444 Piudarum‚
988 2376 1067 2431 Euri·

62 2443 163 2513 pidem,
181 2444 399 2511 Aristophanem,
416 2442 520 2497 laudati
532 2443 686 2497 Scholiastis
703 2445 801 2496 nostris
819 2450 847 2496 et
864 2443 928 2498 alibi
947 2451 975 2498 et
987 2444 1022 2498 ad
1034 2445 1067 2500 Il.

61 2513 92 2565 in
115 2526 163 2564 sex
193 2511 352 2565 lectionibus
375 2514 469 2579 (y.18.
493 2513 592 2570 ζ.434.
616 2530 643 2576 μ.
661 2516 703 2566 25.
726 2530 755 2580 φ.
776 2515 833 2566 126.
857 2532 886 2565 ω.
908 2517 964 2567 134.
988 2515 1059 2582 213.)
1101 2553 1103 2556 <

63 2595 100 2633 ex
125 2579 251 2645 operibus
269 2579 370 2642 tribus,
398 2594 467 2647 quae
485 2579 574 2633 omnia
592 2579 635 2632 vel
653 2578 688 2632 ad
705 2580 955 2648 Interpretationem
972 2581 1018 2634 vel
1033 2581 1069 2634 ad

65 2645 281 2701 emendationem
305 2647 383 2701 Hom.
412 2647 608 2714 pertinuerunt.
650 2646 807 2715 Quanquam
836 2647 870 2701 ad
896 2666 921 2717 γ.
947 2653 986 2703 18.
1009 2648 1072 2702 eius·

63 2716 176 2767 recensa
194 2713 306 2768 affertur
323 2715 353 2767 ἐν
372 2718 432 2775 ταῖς
445 2716 650 2785 χαριεστάταις.
691 2714 778 2768 Unam
796 2716 977 2771 coniecturam
1000 2716 1066 2796 eius,

60 2801 91 2847 μ.
109 2785 152 2835 25.
170 2781 199 2833 ἓν
219 2784 247 2835 δ’
265 2783 350 2853 ἦμαρ,
369 2783 479 2837 deorum
491 2783 598 2836 numine
611 2798 691 2851 quam
703 2783 820 2837 Homero
840 2783 996 2851 digniorem,
1015 2789 1066 2837 etsr

61 2849 232 2918 lenissimam,
251 2856 395 2919 antequam
412 2857 507 2904 auctor
524 2850 693 2903 Callistratus
711 2850 873 2928 innotuerat,
892 2865 926 2904 ex
938 2851 1066 2905 Mosaicis

61 2917 211 2971 rationibus
228 2919 322 2972 reiecit
339 2919 450 2972 Bornos.
479 2917 568 2971 Aliam
580 2918 661 2970 etiam
673 2917 800 2970 leniorem
813 2923 995 2971 comeaturam
1008 2917 1066 2972 eius

59 3002 84 3037 v.
103 2984 133 3036 in
150 2985 240 3040 Schol.
266 2987 330 3039 min.
358 2992 385 3039 et
402 2985 481 3041 Eust.
501 2985 536 3039 ad
553 2985 647 3052 Odyss.
665 3005 693 3054 ρ.
712 2988 770 3039 455.
804 2987 843 3039 At
861 2991 892 3038 ut
909 2985 988 3054 longe
1006 2986 1065 3039 istis

13 3064 16 3069 '
61 3052 158 3122 peiora
175 3053 277 3122 luserit,
320 3058 447 3108 otuerunt
464 3060 555 3106 tamen
574 3058 601 3105 et
620 3053 678 3106 eius
696 3058 724 3106 et
739 3051 861 3132 priorum
879 3053 993 3107 duorum
1011 3053 1065 3108 alla

60 3120 160 3174 merita
172 3136 230 3175 esse
242 3122 270 3174 In
309 3137 436 3189 omarum,
453 3136 523 3188 quae
536 3136 607 3174 nunc
619 3120 726 3188 penitus
738 3127 905 3188 ignorantur.
936 3121 1064 3184 Cetenrm

61 3187 136 3257 quod
153 3190 264 3241 scholam
274 3189 465 3257 Aristophanis
482 3195 610 3310 tanguam
628 3204 727 3242 novum
738 3188 890 3242 Institutum
903 3204 1062 3243 commemo·

59 3257 133 3322 rari,
152 3273 206 3311 non
228 3262 294 3325 puto
312 3256 384 3311 idem
402 3256 435 3310 de
452 3258 524 3312 Zeno
545 3262 589 3310 oto
608 3271 671 3310 uere
690 3256 742 3310 dici
759 3271 845 3323 posse.
882 3256 970 3310 Huius
989 3255 1061 3309 enim

60 3323 204 3404 disciplina
220 3341 258 3378 nu
290 3341 352 3379 uam
369 3324 502 3391 laudatur,
526 3339 576 3377 nec
593 3324 734 3392 quisquam
752 3324 932 3396 Ζηνοδότειος
948 3324 1059 3392 proprio

58 3407 182 3460 nomme,
204 3393 256 3446 nisi
285 3398 343 3446 orte
360 3393 414 3447 huc
431 3392 533 3445 referre
550 3391 618 3446 velis
636 3392 779 3460 aliquoties
796 3393 824 3445 in
842 3392 955 3446 Scholiis
973 3390 1061 3446 dictos

60 3459 127 3520 τοὺς
148 3460 213 3531 περὶ
236 3459 403 3530 Ζηνόδοτον,
426 3466 457 3513 ut
480 3477 505 3528 η.
522 3463 582 3514 452.
610 3479 632 3512 ο.
651 3463 693 3514 86.
736 3460 789 3515 Sed
805 3461 874 3513 haec
890 3460 1007 3515 formula
1023 3460 1061 3514 lo-

59 3527 162 3597 quandi
179 3527 270 3597 potius
287 3528 495 3596 adstipulatores
513 3525 646 3595 significat
663 3543 744 3596 quam
761 3533 915 3584 sectatores.
942 3528 1000 3584 Hos
1017 3543 1065 3597 ap·
