<?xml version="1.0" encoding="UTF-8"?>
<!DOCTYPE html PUBLIC "-//W3C//DTD XHTML 1.0 Transitional//EN"
    "http://www.w3.org/TR/xhtml1/DTD/xhtml1-transitional.dtd">
<html xmlns="http://www.w3.org/1999/xhtml" xml:lang="en" lang="en">
 <head>
  <title>
</title>
<meta http-equiv="Content-Type" content="text/html;charset=utf-8" />
  <meta name='ocr-system' content='tesseract 3.04.00' />
  <meta name='ocr-capabilities' content='ocr_page ocr_carea ocr_par ocr_line ocrx_word'/>
</head>
<body>
  <div class='ocr_page' id='page_1' title='image "./prolegomenaadho01wolfgoog_0062.png"; bbox 0 0 2482 3960; ppageno 0'>
   <div class='ocr_carea' id='block_1_1' title="bbox 510 322 688 374">
    <p class='ocr_par' dir='ltr' id='par_1_1' title="bbox 510 322 688 374">
     <span class='ocr_line' id='line_1_1' title="bbox 510 322 688 374; baseline -0.006 -15"><span class='ocrx_word' id='word_1_1' title='bbox 510 322 688 374; x_wconf 76' lang='grc'>-39-</span> 
     </span>
    </p>
   </div>
   <div class='ocr_carea' id='block_1_2' title="bbox 99 468 1213 3201">
    <p class='ocr_par' dir='ltr' id='par_1_2' title="bbox 99 468 1213 3201">
     <span class='ocr_line' id='line_1_2' title="bbox 176 468 1137 528; baseline -0.001 0"><span class='ocrx_word' id='word_1_2' title='bbox 176 470 258 528; x_wconf 78' lang='lat' dir='ltr'>Adeo</span> <span class='ocrx_word' id='word_1_3' title='bbox 278 486 344 528; x_wconf 92' lang='lat' dir='ltr'>sero</span> <span class='ocrx_word' id='word_1_4' title='bbox 356 470 522 528; x_wconf 78' lang='lat' dir='ltr'>litteratura</span> <span class='ocrx_word' id='word_1_5' title='bbox 536 468 713 526; x_wconf 86' lang='lat' dir='ltr'>Graecorum</span> <span class='ocrx_word' id='word_1_6' title='bbox 728 469 861 526; x_wconf 91' lang='lat' dir='ltr'>absoluta</span> <span class='ocrx_word' id='word_1_7' title='bbox 876 476 921 526; x_wconf 92' lang='lat' dir='ltr'>est</span> <span class='ocrx_word' id='word_1_8' title='bbox 936 477 966 528; x_wconf 92' lang='lat' dir='ltr'>et</span> <span class='ocrx_word' id='word_1_9' title='bbox 978 469 1098 527; x_wconf 91' lang='lat' dir='ltr'>redacta</span> <span class='ocrx_word' id='word_1_10' title='bbox 1112 480 1137 519; x_wconf 77' lang='lat'>64</span> 
     </span>
     <span class='ocr_line' id='line_1_3' title="bbox 100 544 1099 618; baseline -0.002 -14"><span class='ocrx_word' id='word_1_11' title='bbox 100 549 131 604; x_wconf 91' lang='lat' dir='ltr'>in</span> <span class='ocrx_word' id='word_1_12' title='bbox 150 547 289 617; x_wconf 82' lang='lat' dir='ltr'>ordinem,</span> <span class='ocrx_word' id='word_1_13' title='bbox 309 547 441 618; x_wconf 88' lang='lat' dir='ltr'>primum,</span> <span class='ocrx_word' id='word_1_14' title='bbox 461 552 494 603; x_wconf 92' lang='lat' dir='ltr'>ut</span> <span class='ocrx_word' id='word_1_15' title='bbox 512 545 610 602; x_wconf 89' lang='lat' dir='ltr'>multis</span> <span class='ocrx_word' id='word_1_16' title='bbox 626 544 661 602; x_wconf 94' lang='lat' dir='ltr'>de</span> <span class='ocrx_word' id='word_1_17' title='bbox 676 546 773 603; x_wconf 89' lang='lat' dir='ltr'>causis</span> <span class='ocrx_word' id='word_1_18' title='bbox 790 545 919 617; x_wconf 79' lang='lat' dir='ltr'>conficio,</span> <span class='ocrx_word' id='word_1_19' title='bbox 939 547 1017 604; x_wconf 88' lang='lat' dir='ltr'>iniis</span> <span class='ocrx_word' id='word_1_20' title='bbox 1032 547 1099 603; x_wconf 92' lang='lat' dir='ltr'>civi-</span> 
     </span>
     <span class='ocr_line' id='line_1_4' title="bbox 99 621 1099 694; baseline -0.004 -12"><span class='ocrx_word' id='word_1_21' title='bbox 99 623 220 691; x_wconf 90' lang='lat' dir='ltr'>tatibus,</span> <span class='ocrx_word' id='word_1_22' title='bbox 240 638 314 694; x_wconf 89' lang='lat' dir='ltr'>quae</span> <span class='ocrx_word' id='word_1_23' title='bbox 335 622 461 680; x_wconf 81' lang='lat' dir='ltr'>Siciliam</span> <span class='ocrx_word' id='word_1_24' title='bbox 481 628 511 680; x_wconf 91' lang='lat' dir='ltr'>et</span> <span class='ocrx_word' id='word_1_25' title='bbox 529 621 666 693; x_wconf 80' lang='lat' dir='ltr'><strong>Magnam</strong></span> <span class='ocrx_word' id='word_1_26' title='bbox 688 621 840 679; x_wconf 81' lang='lat' dir='ltr'><strong>Graeciam</strong></span> <span class='ocrx_word' id='word_1_27' title='bbox 860 623 1013 694; x_wconf 85' lang='lat' dir='ltr'>tenebant,</span> <span class='ocrx_word' id='word_1_28' title='bbox 1037 629 1099 679; x_wconf 89' lang='lat' dir='ltr'>tum</span> 
     </span>
     <span class='ocr_line' id='line_1_5' title="bbox 99 696 1100 777; baseline -0.002 -20"><span class='ocrx_word' id='word_1_29' title='bbox 99 702 130 757; x_wconf 94' lang='lat' dir='ltr'>in</span> <span class='ocrx_word' id='word_1_30' title='bbox 143 699 195 757; x_wconf 89' lang='lat' dir='ltr'>illa</span> <span class='ocrx_word' id='word_1_31' title='bbox 207 699 329 771; x_wconf 90' lang='lat' dir='ltr'>posthac</span> <span class='ocrx_word' id='word_1_32' title='bbox 341 699 503 777; x_wconf 83' lang='lat' dir='ltr'>litterarum</span> <span class='ocrx_word' id='word_1_33' title='bbox 517 696 769 756; x_wconf 81' lang='lat' dir='ltr'>conficientissima</span> <span class='ocrx_word' id='word_1_34' title='bbox 781 697 863 769; x_wconf 87' lang='lat' dir='ltr'>urbe,</span> <span class='ocrx_word' id='word_1_35' title='bbox 876 697 1007 756; x_wconf 82' lang='lat' dir='ltr'>Athenis.</span> <span class='ocrx_word' id='word_1_36' title='bbox 1042 698 1100 756; x_wconf 88' lang='lat' dir='ltr'>Sed</span> 
     </span>
     <span class='ocr_line' id='line_1_6' title="bbox 100 774 1189 846; baseline 0.003 -13"><span class='ocrx_word' id='word_1_37' title='bbox 100 775 261 833; x_wconf 90' lang='lat' dir='ltr'>cavendum</span> <span class='ocrx_word' id='word_1_38' title='bbox 282 780 327 833; x_wconf 91' lang='lat' dir='ltr'>est</span> <span class='ocrx_word' id='word_1_39' title='bbox 346 791 454 846; x_wconf 88' lang='lat' dir='ltr'>rursus,</span> <span class='ocrx_word' id='word_1_40' title='bbox 479 791 515 832; x_wconf 93' lang='lat' dir='ltr'>ne</span> <span class='ocrx_word' id='word_1_41' title='bbox 535 780 595 831; x_wconf 91' lang='lat' dir='ltr'>tam</span> <span class='ocrx_word' id='word_1_42' title='bbox 615 790 710 831; x_wconf 89' lang='lat' dir='ltr'>serum</span> <span class='ocrx_word' id='word_1_43' title='bbox 730 791 813 832; x_wconf 91' lang='lat' dir='ltr'>usum</span> <span class='ocrx_word' id='word_1_44' title='bbox 835 775 981 832; x_wconf 89' lang='lat' dir='ltr'>scribendi</span> <span class='ocrx_word' id='word_1_45' title='bbox 1001 774 1100 832; x_wconf 88' lang='lat' dir='ltr'>creda·</span> <span class='ocrx_word' id='word_1_46' title='bbox 1185 828 1189 836; x_wconf 88' lang='lat'>.</span> 
     </span>
     <span class='ocr_line' id='line_1_7' title="bbox 99 850 1099 922; baseline -0.001 -13"><span class='ocrx_word' id='word_1_47' title='bbox 99 868 173 919; x_wconf 82' lang='lat' dir='ltr'>mus,</span> <span class='ocrx_word' id='word_1_48' title='bbox 194 851 293 909; x_wconf 90' lang='lat' dir='ltr'>autin</span> <span class='ocrx_word' id='word_1_49' title='bbox 312 853 389 910; x_wconf 91' lang='lat' dir='ltr'>omni</span> <span class='ocrx_word' id='word_1_50' title='bbox 403 850 641 911; x_wconf 87' lang='lat' dir='ltr'>Graeciaeodem</span> <span class='ocrx_word' id='word_1_51' title='bbox 661 855 792 922; x_wconf 85' lang='lat' dir='ltr'>tempore</span> <span class='ocrx_word' id='word_1_52' title='bbox 811 851 982 908; x_wconf 88' lang='lat' dir='ltr'>institutum.</span> <span class='ocrx_word' id='word_1_53' title='bbox 1015 851 1099 908; x_wconf 90' lang='lat' dir='ltr'>Iones</span> 
     </span>
     <span class='ocr_line' id='line_1_8' title="bbox 100 926 1100 1000; baseline -0.001 -15"><span class='ocrx_word' id='word_1_54' title='bbox 100 927 217 999; x_wconf 90' lang='lat' dir='ltr'>quidem</span> <span class='ocrx_word' id='word_1_55' title='bbox 238 943 324 1000; x_wconf 90' lang='lat' dir='ltr'>quum</span> <span class='ocrx_word' id='word_1_56' title='bbox 353 933 398 986; x_wconf 93' lang='lat' dir='ltr'>tot</span> <span class='ocrx_word' id='word_1_57' title='bbox 426 928 490 985; x_wconf 88' lang='lat' dir='ltr'>aliis</span> <span class='ocrx_word' id='word_1_58' title='bbox 511 927 598 984; x_wconf 90' lang='lat' dir='ltr'>rebus</span> <span class='ocrx_word' id='word_1_59' title='bbox 618 926 755 1000; x_wconf 74' lang='lat' dir='ltr'>Europae</span> <span class='ocrx_word' id='word_1_60' title='bbox 776 933 918 999; x_wconf 84' lang='lat' dir='ltr'>cognatae</span> <span class='ocrx_word' id='word_1_61' title='bbox 939 927 1100 999; x_wconf 85' lang='lat' dir='ltr'>exemplum</span> 
     </span>
     <span class='ocr_line' id='line_1_9' title="bbox 99 1003 1100 1074; baseline -0.002 -12"><span class='ocrx_word' id='word_1_62' title='bbox 99 1003 245 1063; x_wconf 88' lang='lat' dir='ltr'>nitidioris</span> <span class='ocrx_word' id='word_1_63' title='bbox 258 1004 352 1063; x_wconf 89' lang='lat' dir='ltr'>cultus</span> <span class='ocrx_word' id='word_1_64' title='bbox 372 1004 477 1063; x_wconf 89' lang='lat' dir='ltr'>darent</span> <span class='ocrx_word' id='word_1_65' title='bbox 497 1009 527 1063; x_wconf 89' lang='lat' dir='ltr'>et</span> <span class='ocrx_word' id='word_1_66' title='bbox 539 1004 656 1062; x_wconf 91' lang='lat' dir='ltr'>humani</span> <span class='ocrx_word' id='word_1_67' title='bbox 670 1010 700 1062; x_wconf 91' lang='lat' dir='ltr'>et</span> <span class='ocrx_word' id='word_1_68' title='bbox 713 1004 814 1074; x_wconf 85' lang='lat' dir='ltr'>civihs‚</span> <span class='ocrx_word' id='word_1_69' title='bbox 827 1010 999 1074; x_wconf 90' lang='lat' dir='ltr'>matureque</span> <span class='ocrx_word' id='word_1_70' title='bbox 1013 1004 1100 1060; x_wconf 93' lang='lat' dir='ltr'>variis</span> 
     </span>
     <span class='ocr_line' id='line_1_10' title="bbox 100 1078 1101 1151; baseline -0.001 -14"><span class='ocrx_word' id='word_1_71' title='bbox 100 1080 256 1138; x_wconf 68' lang='lat' dir='ltr'>artibus‘et</span> <span class='ocrx_word' id='word_1_72' title='bbox 268 1081 446 1139; x_wconf 82' lang='lat' dir='ltr'>commerciis</span> <span class='ocrx_word' id='word_1_73' title='bbox 460 1078 605 1151; x_wconf 84' lang='lat' dir='ltr'>florerent,</span> <span class='ocrx_word' id='word_1_74' title='bbox 626 1080 671 1137; x_wconf 91' lang='lat' dir='ltr'>vel</span> <span class='ocrx_word' id='word_1_75' title='bbox 681 1087 797 1138; x_wconf 88' lang='lat' dir='ltr'>tacente</span> <span class='ocrx_word' id='word_1_76' title='bbox 809 1080 933 1138; x_wconf 90' lang='lat' dir='ltr'>historia</span> <span class='ocrx_word' id='word_1_77' title='bbox 946 1080 1101 1137; x_wconf 86' lang='lat' dir='ltr'>verisimile</span> 
     </span>
     <span class='ocr_line' id='line_1_11' title="bbox 101 1157 1138 1230; baseline -0.001 -15"><span class='ocrx_word' id='word_1_78' title='bbox 101 1164 193 1228; x_wconf 78' lang='lat' dir='ltr'>esset,</span> <span class='ocrx_word' id='word_1_79' title='bbox 224 1173 273 1215; x_wconf 90' lang='lat' dir='ltr'>eos</span> <span class='ocrx_word' id='word_1_80' title='bbox 298 1158 383 1216; x_wconf 91' lang='lat' dir='ltr'>huius</span> <span class='ocrx_word' id='word_1_81' title='bbox 411 1167 528 1229; x_wconf 74' lang='lat' dir='ltr'>quoqne</span> <span class='ocrx_word' id='word_1_82' title='bbox 553 1157 722 1230; x_wconf 84' lang='lat' dir='ltr'>praeclarae</span> <span class='ocrx_word' id='word_1_83' title='bbox 753 1157 796 1215; x_wconf 92' lang='lat' dir='ltr'>rei</span> <span class='ocrx_word' id='word_1_84' title='bbox 816 1157 971 1214; x_wconf 85' lang='lat' dir='ltr'>utilitatem</span> <span class='ocrx_word' id='word_1_85' title='bbox 992 1157 1099 1227; x_wconf 91' lang='lat' dir='ltr'>primos</span> <span class='ocrx_word' id='word_1_86' title='bbox 1113 1167 1138 1205; x_wconf 77' lang='lat'>⁶⁵</span> 
     </span>
     <span class='ocr_line' id='line_1_12' title="bbox 101 1233 1100 1305; baseline -0.002 -13"><span class='ocrx_word' id='word_1_87' title='bbox 101 1233 339 1292; x_wconf 89' lang='lat' dir='ltr'>animadvertisse</span> <span class='ocrx_word' id='word_1_88' title='bbox 365 1241 395 1292; x_wconf 89' lang='lat' dir='ltr'>et</span> <span class='ocrx_word' id='word_1_89' title='bbox 419 1234 457 1292; x_wconf 91' lang='lat' dir='ltr'>ad</span> <span class='ocrx_word' id='word_1_90' title='bbox 488 1250 552 1292; x_wconf 83' lang='lat' dir='ltr'>cam</span> <span class='ocrx_word' id='word_1_91' title='bbox 578 1233 704 1290; x_wconf 90' lang='lat' dir='ltr'>studium</span> <span class='ocrx_word' id='word_1_92' title='bbox 726 1240 757 1291; x_wconf 92' lang='lat' dir='ltr'>et</span> <span class='ocrx_word' id='word_1_93' title='bbox 775 1233 924 1305; x_wconf 82' lang='lat' dir='ltr'>ingenium</span> <span class='ocrx_word' id='word_1_94' title='bbox 944 1233 1100 1290; x_wconf 88' lang='lat' dir='ltr'>contulisse</span> 
     </span>
     <span class='ocr_line' id='line_1_13' title="bbox 101 1308 1100 1382; baseline 0 -15"><span class='ocrx_word' id='word_1_95' title='bbox 101 1327 193 1367; x_wconf 92' lang='lat' dir='ltr'>suum.</span> <span class='ocrx_word' id='word_1_96' title='bbox 216 1310 329 1382; x_wconf 78' lang='lat' dir='ltr'>Quippe</span> <span class='ocrx_word' id='word_1_97' title='bbox 342 1311 399 1368; x_wconf 94' lang='lat' dir='ltr'>illis</span> <span class='ocrx_word' id='word_1_98' title='bbox 414 1310 625 1382; x_wconf 81' lang='lat' dir='ltr'>exspectandus</span> <span class='ocrx_word' id='word_1_99' title='bbox 639 1308 765 1368; x_wconf 82' lang='lat' dir='ltr'>nonfuit</span> <span class='ocrx_word' id='word_1_100' title='bbox 780 1309 963 1368; x_wconf 83' lang='lat' dir='ltr'>Callistratus</span> <span class='ocrx_word' id='word_1_101' title='bbox 979 1309 1100 1380; x_wconf 78' lang='lat' dir='ltr'>Samius,</span> 
     </span>
     <span class='ocr_line' id='line_1_14' title="bbox 100 1386 1101 1459; baseline 0.001 -15"><span class='ocrx_word' id='word_1_102' title='bbox 100 1393 134 1444; x_wconf 91' lang='lat' dir='ltr'>ut</span> <span class='ocrx_word' id='word_1_103' title='bbox 148 1386 257 1458; x_wconf 89' lang='lat' dir='ltr'>ahquid</span> <span class='ocrx_word' id='word_1_104' title='bbox 271 1387 379 1459; x_wconf 91' lang='lat' dir='ltr'>scripto</span> <span class='ocrx_word' id='word_1_105' title='bbox 393 1388 563 1459; x_wconf 89' lang='lat' dir='ltr'>consignare</span> <span class='ocrx_word' id='word_1_106' title='bbox 577 1392 738 1445; x_wconf 81' lang='lat' dir='ltr'>tentarent:</span> <span class='ocrx_word' id='word_1_107' title='bbox 752 1387 810 1443; x_wconf 91' lang='lat' dir='ltr'>iam</span> <span class='ocrx_word' id='word_1_108' title='bbox 822 1392 889 1444; x_wconf 91' lang='lat' dir='ltr'>ante</span> <span class='ocrx_word' id='word_1_109' title='bbox 901 1387 977 1444; x_wconf 92' lang='lat' dir='ltr'>hunc</span> <span class='ocrx_word' id='word_1_110' title='bbox 989 1403 1101 1458; x_wconf 85' lang='lat' dir='ltr'>papyro</span> 
     </span>
     <span class='ocr_line' id='line_1_15' title="bbox 100 1460 1100 1535; baseline -0.002 -15"><span class='ocrx_word' id='word_1_111' title='bbox 100 1463 146 1520; x_wconf 92' lang='lat' dir='ltr'>usi</span> <span class='ocrx_word' id='word_1_112' title='bbox 160 1469 240 1534; x_wconf 82' lang='lat' dir='ltr'>sunt3</span> <span class='ocrx_word' id='word_1_113' title='bbox 253 1463 339 1521; x_wconf 91' lang='lat' dir='ltr'>immo</span> <span class='ocrx_word' id='word_1_114' title='bbox 353 1469 420 1521; x_wconf 88' lang='lat' dir='ltr'>ante</span> <span class='ocrx_word' id='word_1_115' title='bbox 436 1463 611 1522; x_wconf 86' lang='lat' dir='ltr'>Simonidem</span> <span class='ocrx_word' id='word_1_116' title='bbox 627 1469 657 1520; x_wconf 89' lang='lat' dir='ltr'>et</span> <span class='ocrx_word' id='word_1_117' title='bbox 671 1463 876 1535; x_wconf 87' lang='lat' dir='ltr'>Epicharmum</span> <span class='ocrx_word' id='word_1_118' title='bbox 889 1460 1006 1520; x_wconf 79' lang='lat' dir='ltr'>bierunt</span> <span class='ocrx_word' id='word_1_119' title='bbox 1018 1463 1100 1534; x_wconf 90' lang='lat' dir='ltr'>lyrici</span> 
     </span>
     <span class='ocr_line' id='line_1_16' title="bbox 101 1537 1101 1612; baseline -0.002 -15"><span class='ocrx_word' id='word_1_120' title='bbox 101 1544 216 1612; x_wconf 70' lang='lat' dir='ltr'>poetae,</span> <span class='ocrx_word' id='word_1_121' title='bbox 237 1539 368 1597; x_wconf 90' lang='lat' dir='ltr'>etIonici</span> <span class='ocrx_word' id='word_1_122' title='bbox 389 1546 417 1597; x_wconf 86' lang='lat' dir='ltr'>et</span> <span class='ocrx_word' id='word_1_123' title='bbox 430 1540 552 1611; x_wconf 84' lang='lat' dir='ltr'>Aeolici,</span> <span class='ocrx_word' id='word_1_124' title='bbox 574 1540 622 1609; x_wconf 90' lang='lat' dir='ltr'>qui</span> <span class='ocrx_word' id='word_1_125' title='bbox 643 1540 692 1597; x_wconf 93' lang='lat' dir='ltr'>illo</span> <span class='ocrx_word' id='word_1_126' title='bbox 713 1538 890 1597; x_wconf 90' lang='lat' dir='ltr'>adminiculo</span> <span class='ocrx_word' id='word_1_127' title='bbox 904 1537 1101 1596; x_wconf 89' lang='lat' dir='ltr'>faciendorum</span> 
     </span>
     <span class='ocr_line' id='line_1_17' title="bbox 103 1615 1101 1688; baseline -0.005 -12"><span class='ocrx_word' id='word_1_128' title='bbox 103 1615 267 1676; x_wconf 83' lang='lat' dir='ltr'>Carminum</span> <span class='ocrx_word' id='word_1_129' title='bbox 287 1632 387 1674; x_wconf 81' lang='lat' dir='ltr'>carere</span> <span class='ocrx_word' id='word_1_130' title='bbox 408 1618 454 1673; x_wconf 88' lang='lat' dir='ltr'>vix</span> <span class='ocrx_word' id='word_1_131' title='bbox 474 1622 602 1688; x_wconf 89' lang='lat' dir='ltr'>possent.</span> <span class='ocrx_word' id='word_1_132' title='bbox 635 1615 767 1687; x_wconf 92' lang='lat' dir='ltr'>Denique</span> <span class='ocrx_word' id='word_1_133' title='bbox 786 1617 815 1672; x_wconf 91' lang='lat' dir='ltr'>in</span> <span class='ocrx_word' id='word_1_134' title='bbox 837 1631 872 1673; x_wconf 90' lang='lat' dir='ltr'>ea</span> <span class='ocrx_word' id='word_1_135' title='bbox 885 1616 1011 1682; x_wconf 87' lang='lat' dir='ltr'>civitate,</span> <span class='ocrx_word' id='word_1_136' title='bbox 1026 1630 1101 1686; x_wconf 85' lang='lat' dir='ltr'>quae</span> 
     </span>
     <span class='ocr_line' id='line_1_18' title="bbox 101 1691 1101 1764; baseline -0.005 -13"><span class='ocrx_word' id='word_1_137' title='bbox 101 1693 249 1763; x_wconf 89' lang='lat' dir='ltr'>antiquum</span> <span class='ocrx_word' id='word_1_138' title='bbox 276 1691 463 1764; x_wconf 83' lang='lat' dir='ltr'>alphabetum</span> <span class='ocrx_word' id='word_1_139' title='bbox 489 1692 650 1750; x_wconf 83' lang='lat' dir='ltr'>diutissime</span> <span class='ocrx_word' id='word_1_140' title='bbox 670 1693 803 1763; x_wconf 85' lang='lat' dir='ltr'>retinuit,</span> <span class='ocrx_word' id='word_1_141' title='bbox 833 1691 944 1764; x_wconf 91' lang='lat' dir='ltr'>Olymp.</span> <span class='ocrx_word' id='word_1_142' title='bbox 965 1691 1101 1748; x_wconf 88' lang='lat' dir='ltr'>XXXIX.</span> 
     </span>
     <span class='ocr_line' id='line_1_19' title="bbox 101 1767 1101 1840; baseline -0.004 -14"><span class='ocrx_word' id='word_1_143' title='bbox 101 1770 194 1826; x_wconf 91' lang='lat' dir='ltr'>minor</span> <span class='ocrx_word' id='word_1_144' title='bbox 213 1785 348 1826; x_wconf 90' lang='lat' dir='ltr'>numerus</span> <span class='ocrx_word' id='word_1_145' title='bbox 367 1770 529 1827; x_wconf 90' lang='lat' dir='ltr'>litterarum</span> <span class='ocrx_word' id='word_1_146' title='bbox 543 1768 656 1826; x_wconf 87' lang='lat' dir='ltr'>suffecit</span> <span class='ocrx_word' id='word_1_147' title='bbox 668 1769 810 1827; x_wconf 90' lang='lat' dir='ltr'>Draconis</span> <span class='ocrx_word' id='word_1_148' title='bbox 824 1767 937 1840; x_wconf 90' lang='lat' dir='ltr'>legibus</span> <span class='ocrx_word' id='word_1_149' title='bbox 952 1767 1101 1840; x_wconf 88' lang='lat' dir='ltr'>ponendis.</span> 
     </span>
     <span class='ocr_line' id='line_1_20' title="bbox 104 1844 1102 1918; baseline -0.003 -16"><span class='ocrx_word' id='word_1_150' title='bbox 104 1844 211 1918; x_wconf 79' lang='lat' dir='ltr'>Quidni</span> <span class='ocrx_word' id='word_1_151' title='bbox 239 1845 316 1902; x_wconf 87' lang='lat' dir='ltr'>idam</span> <span class='ocrx_word' id='word_1_152' title='bbox 341 1862 476 1903; x_wconf 90' lang='lat' dir='ltr'>numerus</span> <span class='ocrx_word' id='word_1_153' title='bbox 502 1845 649 1909; x_wconf 77' lang='lat' dir='ltr'>suffecerit</span> <span class='ocrx_word' id='word_1_154' title='bbox 673 1846 803 1903; x_wconf 83' lang='lat' dir='ltr'>maximis</span> <span class='ocrx_word' id='word_1_155' title='bbox 834 1845 1041 1915; x_wconf 83' lang='lat' dir='ltr'>voluminibus,</span> <span class='ocrx_word' id='word_1_156' title='bbox 1077 1845 1102 1901; x_wconf 91' lang='lat' dir='ltr'>si</span> 
     </span>
     <span class='ocr_line' id='line_1_21' title="bbox 100 1921 1102 1994; baseline -0.001 -15"><span class='ocrx_word' id='word_1_157' title='bbox 100 1921 187 1980; x_wconf 93' lang='lat' dir='ltr'>modo</span> <span class='ocrx_word' id='word_1_158' title='bbox 201 1937 237 1979; x_wconf 90' lang='lat' dir='ltr'>ea</span> <span class='ocrx_word' id='word_1_159' title='bbox 249 1927 310 1979; x_wconf 90' lang='lat' dir='ltr'>tum</span> <span class='ocrx_word' id='word_1_160' title='bbox 323 1923 433 1980; x_wconf 90' lang='lat' dir='ltr'>usitata</span> <span class='ocrx_word' id='word_1_161' title='bbox 446 1921 571 1994; x_wconf 87' lang='lat' dir='ltr'>fuerunt,</span> <span class='ocrx_word' id='word_1_162' title='bbox 592 1923 652 1980; x_wconf 88' lang='lat' dir='ltr'>sive</span> <span class='ocrx_word' id='word_1_163' title='bbox 668 1938 703 1978; x_wconf 86' lang='lat' dir='ltr'>ex</span> <span class='ocrx_word' id='word_1_164' title='bbox 716 1922 851 1994; x_wconf 88' lang='lat' dir='ltr'>pellibus,</span> <span class='ocrx_word' id='word_1_165' title='bbox 865 1922 925 1979; x_wconf 88' lang='lat' dir='ltr'>sive</span> <span class='ocrx_word' id='word_1_166' title='bbox 940 1938 976 1979; x_wconf 82' lang='lat' dir='ltr'>ex</span> <span class='ocrx_word' id='word_1_167' title='bbox 991 1938 1102 1994; x_wconf 90' lang='lat' dir='ltr'>papyro</span> 
     </span>
     <span class='ocr_line' id='line_1_22' title="bbox 101 1997 1103 2070; baseline -0.003 -14"><span class='ocrx_word' id='word_1_168' title='bbox 101 1998 269 2070; x_wconf 75' lang='lat' dir='ltr'>Aegyptia?</span> <span class='ocrx_word' id='word_1_169' title='bbox 289 1997 405 2057; x_wconf 84' lang='lat' dir='ltr'>Etiam</span> <span class='ocrx_word' id='word_1_170' title='bbox 425 2000 536 2070; x_wconf 90' lang='lat' dir='ltr'>aliquot</span> <span class='ocrx_word' id='word_1_171' title='bbox 556 2000 637 2056; x_wconf 91' lang='lat' dir='ltr'>annis</span> <span class='ocrx_word' id='word_1_172' title='bbox 658 2004 726 2056; x_wconf 89' lang='lat' dir='ltr'>ante</span> <span class='ocrx_word' id='word_1_173' title='bbox 740 1998 881 2055; x_wconf 87' lang='lat' dir='ltr'>Draconis</span> <span class='ocrx_word' id='word_1_174' title='bbox 901 1999 1103 2069; x_wconf 89' lang='lat' dir='ltr'>magistratum</span> 
     </span>
     <span class='ocr_line' id='line_1_23' title="bbox 101 2072 1126 2147; baseline -0.002 -15"><span class='ocrx_word' id='word_1_175' title='bbox 101 2072 242 2134; x_wconf 88' lang='lat' dir='ltr'>beneficio</span> <span class='ocrx_word' id='word_1_176' title='bbox 261 2073 465 2134; x_wconf 89' lang='lat' dir='ltr'>Psammetichi</span> <span class='ocrx_word' id='word_1_177' title='bbox 484 2074 636 2147; x_wconf 82' lang='lat' dir='ltr'>Aegyptus</span> <span class='ocrx_word' id='word_1_178' title='bbox 666 2072 814 2147; x_wconf 87' lang='lat' dir='ltr'>patefacta</span> <span class='ocrx_word' id='word_1_179' title='bbox 840 2081 904 2132; x_wconf 91' lang='lat' dir='ltr'>erat</span> <span class='ocrx_word' id='word_1_180' title='bbox 923 2072 1102 2132; x_wconf 89' lang='lat' dir='ltr'>commerciis</span> <span class='ocrx_word' id='word_1_181' title='bbox 1124 2143 1126 2147; x_wconf 10' lang='lat'><strong>¹</strong></span> 
     </span>
     <span class='ocr_line' id='line_1_24' title="bbox 102 2148 1103 2225; baseline -0.002 -18"><span class='ocrx_word' id='word_1_182' title='bbox 102 2151 212 2222; x_wconf 84' lang='lat' dir='ltr'>ionum,</span> <span class='ocrx_word' id='word_1_183' title='bbox 232 2157 265 2207; x_wconf 89' lang='lat' dir='ltr'>ut</span> <span class='ocrx_word' id='word_1_184' title='bbox 283 2148 451 2210; x_wconf 82' lang='lat' dir='ltr'>facultatem</span> <span class='ocrx_word' id='word_1_185' title='bbox 470 2153 575 2225; x_wconf 87' lang='lat' dir='ltr'>papyri</span> <span class='ocrx_word' id='word_1_186' title='bbox 594 2151 703 2208; x_wconf 89' lang='lat' dir='ltr'>habere</span> <span class='ocrx_word' id='word_1_187' title='bbox 723 2150 877 2222; x_wconf 89' lang='lat' dir='ltr'>potuerint.</span> <span class='ocrx_word' id='word_1_188' title='bbox 920 2149 973 2208; x_wconf 83' lang='lat' dir='ltr'>Cui</span> <span class='ocrx_word' id='word_1_189' title='bbox 993 2151 1103 2207; x_wconf 91' lang='lat' dir='ltr'>coniec-</span> 
     </span>
     <span class='ocr_line' id='line_1_25' title="bbox 103 2226 1103 2298; baseline -0.002 -14"><span class='ocrx_word' id='word_1_190' title='bbox 103 2233 188 2284; x_wconf 90' lang='lat' dir='ltr'>turae</span> <span class='ocrx_word' id='word_1_191' title='bbox 207 2243 243 2284; x_wconf 90' lang='lat' dir='ltr'>ne</span> <span class='ocrx_word' id='word_1_192' title='bbox 263 2227 401 2287; x_wconf 88' lang='lat' dir='ltr'>historica</span> <span class='ocrx_word' id='word_1_193' title='bbox 420 2227 491 2286; x_wconf 90' lang='lat' dir='ltr'>fides</span> <span class='ocrx_word' id='word_1_194' title='bbox 512 2227 641 2295; x_wconf 85' lang='lat' dir='ltr'>deesset,</span> <span class='ocrx_word' id='word_1_195' title='bbox 672 2243 757 2297; x_wconf 91' lang='lat' dir='ltr'>quam</span> <span class='ocrx_word' id='word_1_196' title='bbox 774 2227 887 2298; x_wconf 89' lang='lat' dir='ltr'>paucis</span> <span class='ocrx_word' id='word_1_197' title='bbox 915 2226 1009 2283; x_wconf 90' lang='lat' dir='ltr'>verbis</span> <span class='ocrx_word' id='word_1_198' title='bbox 1031 2242 1103 2298; x_wconf 90' lang='lat' dir='ltr'>opus</span> 
     </span>
     <span class='ocr_line' id='line_1_26' title="bbox 102 2301 1104 2378; baseline -0.003 -18"><span class='ocrx_word' id='word_1_199' title='bbox 102 2301 209 2362; x_wconf 81' lang='lat' dir='ltr'>luisset</span> <span class='ocrx_word' id='word_1_200' title='bbox 220 2303 380 2378; x_wconf 82' lang='lat' dir='ltr'>Herodoto,</span> <span class='ocrx_word' id='word_1_201' title='bbox 401 2305 457 2362; x_wconf 91' lang='lat' dir='ltr'>nisi</span> <span class='ocrx_word' id='word_1_202' title='bbox 473 2304 592 2362; x_wconf 87' lang='lat' dir='ltr'>Graecis</span> <span class='ocrx_word' id='word_1_203' title='bbox 613 2304 778 2376; x_wconf 88' lang='lat' dir='ltr'>scripsisset</span> <span class='ocrx_word' id='word_1_204' title='bbox 796 2302 879 2360; x_wconf 86' lang='lat' dir='ltr'>solis!</span> <span class='ocrx_word' id='word_1_205' title='bbox 899 2303 983 2360; x_wconf 91' lang='lat' dir='ltr'>Nunc</span> <span class='ocrx_word' id='word_1_206' title='bbox 1002 2303 1032 2358; x_wconf 91' lang='lat' dir='ltr'>in</span> <span class='ocrx_word' id='word_1_207' title='bbox 1046 2303 1104 2375; x_wconf 89' lang='lat' dir='ltr'>pri-</span> 
     </span>
     <span class='ocr_line' id='line_1_27' title="bbox 103 2379 1104 2450; baseline -0.001 -14"><span class='ocrx_word' id='word_1_208' title='bbox 103 2380 158 2437; x_wconf 88' lang='lat' dir='ltr'>mis</span> <span class='ocrx_word' id='word_1_209' title='bbox 182 2381 303 2439; x_wconf 90' lang='lat' dir='ltr'>molesta</span> <span class='ocrx_word' id='word_1_210' title='bbox 328 2389 373 2439; x_wconf 88' lang='lat' dir='ltr'>est</span> <span class='ocrx_word' id='word_1_211' title='bbox 399 2381 560 2441; x_wconf 88' lang='lat' dir='ltr'>obscuritas</span> <span class='ocrx_word' id='word_1_212' title='bbox 588 2379 708 2439; x_wconf 91' lang='lat' dir='ltr'>duorum</span> <span class='ocrx_word' id='word_1_213' title='bbox 734 2379 928 2450; x_wconf 81' lang='lat' dir='ltr'>saeculorum,</span> <span class='ocrx_word' id='word_1_214' title='bbox 959 2380 1054 2438; x_wconf 87' lang='lat' dir='ltr'>octavi</span> <span class='ocrx_word' id='word_1_215' title='bbox 1074 2385 1104 2436; x_wconf 88' lang='lat' dir='ltr'>et</span> 
     </span>
     <span class='ocr_line' id='line_1_28' title="bbox 103 2456 1103 2530; baseline -0.002 -17"><span class='ocrx_word' id='word_1_216' title='bbox 103 2457 220 2528; x_wconf 89' lang='lat' dir='ltr'>septimi</span> <span class='ocrx_word' id='word_1_217' title='bbox 239 2463 308 2516; x_wconf 91' lang='lat' dir='ltr'>ante</span> <span class='ocrx_word' id='word_1_218' title='bbox 322 2457 404 2524; x_wconf 71' lang='lat' dir='ltr'>Chr:</span> <span class='ocrx_word' id='word_1_219' title='bbox 418 2459 448 2514; x_wconf 91' lang='lat' dir='ltr'>in</span> <span class='ocrx_word' id='word_1_220' title='bbox 467 2458 570 2530; x_wconf 87' lang='lat' dir='ltr'>quibus</span> <span class='ocrx_word' id='word_1_221' title='bbox 590 2458 642 2514; x_wconf 93' lang='lat' dir='ltr'>illa</span> <span class='ocrx_word' id='word_1_222' title='bbox 661 2473 732 2529; x_wconf 91' lang='lat' dir='ltr'>gens</span> <span class='ocrx_word' id='word_1_223' title='bbox 752 2457 892 2528; x_wconf 82' lang='lat' dir='ltr'>igniculos</span> <span class='ocrx_word' id='word_1_224' title='bbox 913 2456 1103 2528; x_wconf 85' lang='lat' dir='ltr'>politissimac</span> 
     </span>
     <span class='ocr_line' id='line_1_29' title="bbox 102 2532 1104 2606; baseline -0.002 -16"><span class='ocrx_word' id='word_1_225' title='bbox 102 2532 290 2592; x_wconf 91' lang='lat' dir='ltr'>humanitatis</span> <span class='ocrx_word' id='word_1_226' title='bbox 310 2533 417 2591; x_wconf 90' lang='lat' dir='ltr'>dudum</span> <span class='ocrx_word' id='word_1_227' title='bbox 437 2540 586 2606; x_wconf 88' lang='lat' dir='ltr'>susceptos</span> <span class='ocrx_word' id='word_1_228' title='bbox 608 2534 725 2606; x_wconf 86' lang='lat' dir='ltr'>egregie</span> <span class='ocrx_word' id='word_1_229' title='bbox 745 2534 876 2604; x_wconf 84' lang='lat' dir='ltr'>protulit,</span> <span class='ocrx_word' id='word_1_230' title='bbox 898 2532 978 2590; x_wconf 92' lang='lat' dir='ltr'>etad</span> <span class='ocrx_word' id='word_1_231' title='bbox 992 2547 1104 2590; x_wconf 94' lang='lat' dir='ltr'>omnem</span> 
     </span>
     <span class='ocr_line' id='line_1_30' title="bbox 104 2607 1104 2681; baseline -0.004 -14"><span class='ocrx_word' id='word_1_232' title='bbox 104 2610 304 2668; x_wconf 85' lang='lat' dir='ltr'>excellentiam</span> <span class='ocrx_word' id='word_1_233' title='bbox 324 2611 429 2668; x_wconf 89' lang='lat' dir='ltr'>artium</span> <span class='ocrx_word' id='word_1_234' title='bbox 449 2610 634 2669; x_wconf 91' lang='lat' dir='ltr'>admirabiles</span> <span class='ocrx_word' id='word_1_235' title='bbox 655 2626 825 2681; x_wconf 90' lang='lat' dir='ltr'>progressus</span> <span class='ocrx_word' id='word_1_236' title='bbox 846 2607 923 2666; x_wconf 90' lang='lat' dir='ltr'>fecit.</span> <span class='ocrx_word' id='word_1_237' title='bbox 962 2610 1046 2679; x_wconf 82' lang='lat' dir='ltr'>Nam,</span> <span class='ocrx_word' id='word_1_238' title='bbox 1067 2623 1104 2664; x_wconf 91' lang='lat' dir='ltr'>ne</span> 
     </span>
     <span class='ocr_line' id='line_1_31' title="bbox 104 2684 1104 2758; baseline -0.002 -16"><span class='ocrx_word' id='word_1_239' title='bbox 104 2685 141 2744; x_wconf 92' lang='lat' dir='ltr'>de</span> <span class='ocrx_word' id='word_1_240' title='bbox 166 2687 230 2744; x_wconf 89' lang='lat' dir='ltr'>aliis</span> <span class='ocrx_word' id='word_1_241' title='bbox 253 2687 383 2758; x_wconf 89' lang='lat' dir='ltr'>plurimis</span> <span class='ocrx_word' id='word_1_242' title='bbox 412 2688 552 2746; x_wconf 87' lang='lat' dir='ltr'>institutis</span> <span class='ocrx_word' id='word_1_243' title='bbox 581 2685 691 2755; x_wconf 88' lang='lat' dir='ltr'>dicam,</span> <span class='ocrx_word' id='word_1_244' title='bbox 717 2702 838 2756; x_wconf 84' lang='lat' dir='ltr'>quorum</span> <span class='ocrx_word' id='word_1_245' title='bbox 859 2687 969 2743; x_wconf 89' lang='lat' dir='ltr'>semina</span> <span class='ocrx_word' id='word_1_246' title='bbox 989 2686 1020 2741; x_wconf 90' lang='lat' dir='ltr'>in</span> <span class='ocrx_word' id='word_1_247' title='bbox 1040 2684 1104 2741; x_wconf 88' lang='lat' dir='ltr'>istis</span> 
     </span>
     <span class='ocr_line' id='line_1_32' title="bbox 103 2761 1100 2835; baseline -0.004 -15"><span class='ocrx_word' id='word_1_248' title='bbox 103 2763 231 2820; x_wconf 90' lang='lat' dir='ltr'>tenebris</span> <span class='ocrx_word' id='word_1_249' title='bbox 251 2763 329 2821; x_wconf 89' lang='lat' dir='ltr'>iacta</span> <span class='ocrx_word' id='word_1_250' title='bbox 349 2770 423 2835; x_wconf 89' lang='lat' dir='ltr'>sunt,</span> <span class='ocrx_word' id='word_1_251' title='bbox 443 2765 473 2820; x_wconf 93' lang='lat' dir='ltr'>in</span> <span class='ocrx_word' id='word_1_252' title='bbox 492 2764 543 2820; x_wconf 91' lang='lat' dir='ltr'>illa</span> <span class='ocrx_word' id='word_1_253' title='bbox 556 2762 678 2819; x_wconf 84' lang='lat' dir='ltr'>maxime</span> <span class='ocrx_word' id='word_1_254' title='bbox 693 2763 818 2831; x_wconf 88' lang='lat' dir='ltr'>saecula,</span> <span class='ocrx_word' id='word_1_255' title='bbox 839 2761 1100 2819; x_wconf 88' lang='lat' dir='ltr'>aLaoedaemonio</span> 
     </span>
     <span class='ocr_line' id='line_1_33' title="bbox 103 2837 1102 2911; baseline -0.004 -15"><span class='ocrx_word' id='word_1_256' title='bbox 103 2837 238 2911; x_wconf 90' lang='lat' dir='ltr'>Lycurgo</span> <span class='ocrx_word' id='word_1_257' title='bbox 257 2839 396 2911; x_wconf 85' lang='lat' dir='ltr'>proxima,</span> <span class='ocrx_word' id='word_1_258' title='bbox 416 2840 487 2898; x_wconf 89' lang='lat' dir='ltr'>artis</span> <span class='ocrx_word' id='word_1_259' title='bbox 507 2839 677 2910; x_wconf 87' lang='lat' dir='ltr'>scriptoriae</span> <span class='ocrx_word' id='word_1_260' title='bbox 698 2839 821 2909; x_wconf 90' lang='lat' dir='ltr'>primum</span> <span class='ocrx_word' id='word_1_261' title='bbox 833 2837 1035 2895; x_wconf 90' lang='lat' dir='ltr'>notabiliorem</span> <span class='ocrx_word' id='word_1_262' title='bbox 1049 2854 1102 2908; x_wconf 92' lang='lat' dir='ltr'>pu·</span> 
     </span>
     <span class='ocr_line' id='line_1_34' title="bbox 102 2912 1102 2987; baseline -0.004 -15"><span class='ocrx_word' id='word_1_263' title='bbox 102 2914 208 2972; x_wconf 90' lang='lat' dir='ltr'>blicum</span> <span class='ocrx_word' id='word_1_264' title='bbox 228 2931 311 2972; x_wconf 90' lang='lat' dir='ltr'>usum</span> <span class='ocrx_word' id='word_1_265' title='bbox 331 2921 362 2974; x_wconf 93' lang='lat' dir='ltr'>et</span> <span class='ocrx_word' id='word_1_266' title='bbox 379 2916 457 2974; x_wconf 89' lang='lat' dir='ltr'>ultra</span> <span class='ocrx_word' id='word_1_267' title='bbox 466 2915 667 2987; x_wconf 90' lang='lat' dir='ltr'>inscriptiones</span> <span class='ocrx_word' id='word_1_268' title='bbox 680 2929 864 2986; x_wconf 88' lang='lat' dir='ltr'>progressum</span> <span class='ocrx_word' id='word_1_269' title='bbox 878 2912 1023 2977; x_wconf 83' lang='lat' dir='ltr'>incidisse,</span> <span class='ocrx_word' id='word_1_270' title='bbox 1042 2919 1102 2968; x_wconf 90' lang='lat' dir='ltr'>tum</span> 
     </span>
     <span class='ocr_line' id='line_1_35' title="bbox 104 2988 1102 3063; baseline -0.005 -15"><span class='ocrx_word' id='word_1_271' title='bbox 104 2991 261 3049; x_wconf 89' lang='lat' dir='ltr'>coniectari</span> <span class='ocrx_word' id='word_1_272' title='bbox 280 3007 337 3049; x_wconf 90' lang='lat' dir='ltr'>non</span> <span class='ocrx_word' id='word_1_273' title='bbox 356 2998 479 3063; x_wconf 82' lang='lat' dir='ltr'>temere,</span> <span class='ocrx_word' id='word_1_274' title='bbox 510 2997 571 3048; x_wconf 92' lang='lat' dir='ltr'>tum</span> <span class='ocrx_word' id='word_1_275' title='bbox 592 3007 628 3048; x_wconf 86' lang='lat' dir='ltr'>ex</span> <span class='ocrx_word' id='word_1_276' title='bbox 647 2991 790 3048; x_wconf 90' lang='lat' dir='ltr'>nonnullis</span> <span class='ocrx_word' id='word_1_277' title='bbox 811 2989 941 3060; x_wconf 89' lang='lat' dir='ltr'>vestigiis</span> <span class='ocrx_word' id='word_1_278' title='bbox 962 2988 1102 3046; x_wconf 88' lang='lat' dir='ltr'>historiae</span> 
     </span>
     <span class='ocr_line' id='line_1_36' title="bbox 103 3067 1213 3142; baseline 0.005 -18"><span class='ocrx_word' id='word_1_279' title='bbox 103 3068 146 3124; x_wconf 90' lang='lat' dir='ltr'>ita</span> <span class='ocrx_word' id='word_1_280' title='bbox 166 3068 288 3140; x_wconf 89' lang='lat' dir='ltr'>intelligi</span> <span class='ocrx_word' id='word_1_281' title='bbox 307 3068 387 3138; x_wconf 88' lang='lat' dir='ltr'>licet,</span> <span class='ocrx_word' id='word_1_282' title='bbox 406 3075 439 3126; x_wconf 91' lang='lat' dir='ltr'>ut</span> <span class='ocrx_word' id='word_1_283' title='bbox 458 3067 618 3142; x_wconf 91' lang='lat' dir='ltr'>perspicuis</span> <span class='ocrx_word' id='word_1_284' title='bbox 638 3067 811 3126; x_wconf 88' lang='lat' dir='ltr'>testimoniis</span> <span class='ocrx_word' id='word_1_285' title='bbox 831 3067 924 3123; x_wconf 92' lang='lat' dir='ltr'>minus</span> <span class='ocrx_word' id='word_1_286' title='bbox 945 3081 1033 3138; x_wconf 90' lang='lat' dir='ltr'>aegre</span> <span class='ocrx_word' id='word_1_287' title='bbox 1054 3081 1100 3122; x_wconf 90' lang='lat' dir='ltr'>ca·</span> <span class='ocrx_word' id='word_1_288' title='bbox 1118 3087 1142 3125; x_wconf 78' lang='lat' dir='ltr'>ec</span> <span class='ocrx_word' id='word_1_289' title='bbox 1208 3123 1213 3129; x_wconf 93' lang='lat'>.</span> 
     </span>
     <span class='ocr_line' id='line_1_37' title="bbox 103 3158 227 3201; baseline 0 -1"><span class='ocrx_word' id='word_1_290' title='bbox 103 3158 227 3201; x_wconf 90' lang='lat' dir='ltr'>reamus.</span> 
     </span>
    </p>
   </div>
   <div class='ocr_carea' id='block_1_3' title="bbox 102 3315 1104 3527">
    <p class='ocr_par' dir='ltr' id='par_1_3' title="bbox 102 3315 1104 3527">
     <span class='ocr_line' id='line_1_38' title="bbox 103 3315 1101 3391; baseline -0.005 -18"><span class='ocrx_word' id='word_1_291' title='bbox 103 3323 120 3391; x_wconf 73' lang='grc' dir='ltr'><strong><em>ἡ</em></strong></span> <span class='ocrx_word' id='word_1_292' title='bbox 137 3322 312 3390; x_wconf 70' lang='grc' dir='ltr'><em>γραμματικὴ</em></span> <span class='ocrx_word' id='word_1_293' title='bbox 330 3320 434 3390; x_wconf 81' lang='grc' dir='ltr'><strong><em>ἀρχαία</em></strong></span> <span class='ocrx_word' id='word_1_294' title='bbox 451 3335 499 3372; x_wconf 91' lang='lat' dir='ltr'>seu</span> <span class='ocrx_word' id='word_1_295' title='bbox 516 3320 615 3372; x_wconf 72' lang='grc' dir='ltr'><strong><em>Ἀττικὰ</em></strong></span> <span class='ocrx_word' id='word_1_296' title='bbox 632 3321 791 3388; x_wconf 70' lang='grc' dir='ltr'><strong><em>γράμματα.</em></strong></span> <span class='ocrx_word' id='word_1_297' title='bbox 825 3315 886 3370; x_wconf 83' lang='lat' dir='ltr'>Etsi</span> <span class='ocrx_word' id='word_1_298' title='bbox 904 3319 937 3371; x_wconf 90' lang='lat' dir='ltr'>de</span> <span class='ocrx_word' id='word_1_299' title='bbox 955 3317 997 3368; x_wconf 89' lang='lat' dir='ltr'>his</span> <span class='ocrx_word' id='word_1_300' title='bbox 1015 3316 1101 3369; x_wconf 85' lang='lat' dir='ltr'>diver·</span> 
     </span>
     <span class='ocr_line' id='line_1_39' title="bbox 102 3383 1104 3527; baseline -0.008 -84"><span class='ocrx_word' id='word_1_301' title='bbox 102 3388 400 3527; x_wconf 49' lang='lat' dir='ltr'>mfflgysgltlgemiae</span> <span class='ocrx_word' id='word_1_302' title='bbox 419 3386 573 3442; x_wconf 89' lang='lat' dir='ltr'>doctorum:</span> <span class='ocrx_word' id='word_1_303' title='bbox 591 3404 615 3440; x_wconf 83' lang='lat' dir='ltr'>v.</span> <span class='ocrx_word' id='word_1_304' title='bbox 628 3389 699 3454; x_wconf 87' lang='lat' dir='ltr'>Intp.</span> <span class='ocrx_word' id='word_1_305' title='bbox 718 3385 753 3440; x_wconf 89' lang='lat' dir='ltr'>ad</span> <span class='ocrx_word' id='word_1_306' title='bbox 765 3387 927 3453; x_wconf 88' lang='lat' dir='ltr'>Harpocrat.</span> <span class='ocrx_word' id='word_1_307' title='bbox 945 3401 970 3437; x_wconf 84' lang='lat' dir='ltr'>v.</span> <span class='ocrx_word' id='word_1_308' title='bbox 981 3383 1104 3450; x_wconf 63' lang='lat' dir='ltr'>{draicote</span> 
     </span>
    </p>
   </div>
   <div class='ocr_carea' id='block_1_4' title="bbox 0 0 1255 3960">
    <p class='ocr_par' dir='ltr' id='par_1_4' title="bbox 0 0 1255 3960">
     <span class='ocr_line' id='line_1_40' title="bbox 0 0 1255 3960; baseline 0 0"><span class='ocrx_word' id='word_1_309' title='bbox 0 0 1255 3960; x_wconf 95' lang='lat' dir='ltr'> </span> 
     </span>
    </p>
   </div>
  </div>
 </body>
</html>
