2482 3960
560 306 736 362 -148-

149 455 257 530 optime
276 456 454 527 convenimt3
473 455 602 514 videmus
621 453 711 512 multa
723 454 760 513 ab
775 470 809 514 eo
823 455 945 515 erudite
959 461 994 515 ct
1007 458 1146 530 sagaciter

150 532 363 592 animadversa:
382 532 434 591 sod
453 531 529 604 quod
547 530 715 606 primoloco
729 532 931 603 quaerendum
947 538 1005 606 est,
1028 533 1150 607 quidiilc

97 607 135 649 ¹⁴¹
148 609 178 667 in
197 625 334 668 summam
349 607 511 668 Garminum
529 609 595 668 novi
613 606 767 681 induxerit,
781 624 838 681 qua
851 609 1005 683 religione
1020 611 1142 683 cunque

147 685 236 746 libros
250 685 416 758 excusserit,
436 685 577 758 quomodo
590 698 658 743 usus
672 684 711 743 sit
722 684 872 758 Zenodoti,
891 685 1142 761 Aristophaniset

149 768 317 835 ceterorum,
331 778 402 835 qnos
410 778 504 835 supra
513 760 665 829 nominavi,
677 762 891 822 recensionibus
897 760 957 835 κῃ
971 763 1055 823 haec
1065 764 1144 823 etati

149 839 234 897 certis
255 845 305 897 aut
322 838 518 913 probabilibus
538 838 714 911 argumentis
733 838 819 896 hodie
838 840 971 913 perspici
992 844 1142 913 nequeunt

147 914 262 974 Etenim
282 932 318 974 ex
336 932 393 988 quc
411 914 598 974 Aristarchea
617 911 776 991 ἀνάγνωσις
793 913 873 975 fecta
893 923 964 975 erat
978 915 1142 995 παράδοσις,

148 993 272 1064 (culpata
291 994 376 1064 lectio,
395 994 520 1063 ωωὶραιιιι
538 1000 624 1047 tectus
643 990 702 1049 dici
720 991 803 1063 solet,
823 997 853 1050 et
872 992 947 1051 satis
973 993 1141 1066 commodet}

147 1066 179 1127 id
198 1068 275 1141 quod
286 1075 398 1127 mature
410 1065 517 1126 iactum
529 1067 643 1126 videtur
648 1065 695 1139 ²i),
715 1067 753 1126 ad
765 1067 845 1127 illum
857 1069 1057 1141 potissimum
1066 1085 1142 1131 nome

148 1145 362 1204 emendationes
373 1150 404 1202 et
412 1145 929 1218 notationeeannexseetcompositae
939 1146 1139 1220 suntomiais

96 1241 136 1284 aa
147 1219 210 1280 iere
228 1221 327 1294 primis
347 1221 511 1279 auctoribus
530 1221 694 1293 lectionum,
713 1221 769 1279 uisi
788 1217 862 1280 forte
880 1221 934 1281 ubi
955 1223 1008 1282 illi
1029 1225 1140 1283 intorte

148 1296 341 1356 dissentirent
373 1296 459 1368 Isque
480 1313 542 1357 mos
555 1302 686 1357 servatus
700 1302 745 1357 est
755 1313 776 1356 a
790 1297 1004 1359 Grammaticis
1018 1301 1140 1370 maxime,

147 1378 299 1448 postquam
313 1389 348 1430 ex
364 1372 488 1432 Cratetis
498 1388 533 1431 ac
545 1374 720 1446 reliquorum
731 1372 892 1433 Aristarchi
906 1375 1141 1437 adversarium

148 1449 276 1509 consmis
296 1455 326 1507 et
345 1448 637 1509 animadversionibus
647 1451 754 1508 multae
765 1451 964 1510 novaevelex
976 1452 1142 1528 antiquiori·

147 1525 202 1586 bus
215 1531 366 1587 revocatae
380 1527 540 1599 scripturae
559 1527 589 1584 in
601 1536 699 1584 rectam
712 1537 768 1583 tum
776 1531 915 1600 culpatum
928 1528 1043 1590 illatae
1053 1534 1139 1599 erant

152 1603 245 1662 donec
263 1619 336 1662 saec.
357 1602 410 1662 111.
428 1608 480 1661 aut
497 1603 546 1662 lv.
567 1620 603 1663 ex
620 1603 724 1662 iisdem
741 1602 875 1676 fontibus,
896 1604 1003 1666 denuc
1024 1608 1147 1667 mariun

148 1679 353 1752 recognitione,
370 1679 480 1753 prodiit
500 1683 677 1752 occaecato,
698 1697 782 1761 quam
801 1696 854 1754 per
866 1697 983 1756 omnes,
1007 1686 1060 1757 qni
1073 1682 1143 1743 notis

149 1761 315 1830 supersunt,
339 1756 427 1815 libros
454 1756 576 1828 scriptos
607 1757 728 1816 similem
752 1757 782 1815 in
806 1758 922 1816 summis
942 1759 1042 1819 rebus
1063 1766 1141 1833 atque

66 1857 69 1863 ·
148 1833 232 1890 nnius
253 1832 382 1904 exempli,
402 1836 477 1889 hodie
494 1836 632 1905 ωὶρπιοω
650 1850 828 1907 usurpamus.

224 1909 306 1980 Quae
325 1924 411 1980 quum
431 1911 473 1967 ita
492 1909 563 1982 sint,
590 1910 747 1968 cavendum
769 1910 851 1969 nobis
871 1911 945 1983 erit,
976 1929 1018 1972 ne
1039 1920 1142 1973 temere

147 1984 304 2044 mediocria
319 1985 418 2059 multa,
439 2001 513 2058 quae
527 2002 562 2044 ex
574 1985 734 2046 Aristarchi
746 1992 829 2045 textu
842 1986 1019 2062 afferuntur,
1040 2004 1142 2066 pratee

215 2267 250 2332 ²⁶)
268 2266 351 2323 Usum
369 2264 509 2322 enim'iliis
527 2281 584 2321 esse
601 2267 793 2333 Aristarchum,
812 2272 840 2319 et
856 2265 914 2333 ipsa
930 2281 980 2322 res
999 2275 1032 2322 et
1045 2269 1144 2326 Senon

167 2335 246 2390 assim
264 2334 419 2404 significant.
454 2335 487 2389 In
504 2351 616 2404 quorum
634 2351 687 2389 uno
706 2341 734 2389 et
750 2335 835 2388 altero
853 2332 969 2388 affertur
988 2336 1029 2391 ali
1051 2338 1140 2394 utute

147 2350 301 2458 {unctores
323 2404 438 2458 editione
462 2419 496 2457 ex
518 2403 698 2457 notetiombns
715 2401 923 2483 Aristarchum
943 2407 1005 2460 808.
1030 2354 1058 2467 ἓ
1080 2410 1141 2462 lca:

148 2470 211 2525 alibi
240 2471 345 2538 saepius
365 2472 388 2524 is
417 2472 513 2526 dicitur
541 2471 657 2538 aliquam
687 2486 721 2524 ex
750 2469 944 2539 antiquioribus
980 2473 1141 2530 lectionum

147 2557 217 2608 προκ
239 2541 305 2594 iuer:
331 2541 352 2598 C·
369 2544 395 2593 4.
420 2557 445 2609 η.
466 2542 522 2596 127.
545 2559 561 2593 ι.
579 2543 638 2594 212.
661 2559 685 2593 υ.
705 2543 760 2594 138.
787 2557 814 2606 φ.
833 2542 890 2594 265.
905 2544 962 2595 etc.
999 2541 1143 2612 Inprimis

147 2622 207 2727 ada
243 2626 259 2661 ι.
277 2610 335 2661 222.
371 2607 412 2661 De
435 2615 526 2669 nostra
549 2613 640 2662 temen
662 2606 818 2675 quaestione
837 2621 978 2675 nunqnam
1004 2610 1140 2666 laborasse

146 2674 174 2728 ri
192 2680 271 2727 entur
287 2680 399 2730 veteres.

214 2758 251 2822 ⁹⁷)
276 2760 337 2814 Huc
364 2764 486 2828 spectant
507 2760 590 2814 rerba
610 2758 646 2817 in¹
660 2757 785 2826 Scholiis,
808 2759 921 2828 ἐπείσθη
944 2762 962 2830 ἡ
986 2766 1143 2833 mpetum

149 2826 334 2900 Ἀριστάρχῳ,
357 2834 389 2882 ut
411 2829 433 2882 δ.
453 2831 508 2882 138.
536 2845 558 2880 ε.
576 2831 634 2883 289.
662 2845 686 2888 υ.
702 2829 778 2893 eet,
804 2825 848 2880 vel
874 2827 1054 2897 ἐπείσθησαν
1074 2833 1140 2901 αὐτῷ

147 2896 172 2948 οἱ
189 2894 214 2950 Γ
229 2897 385 2962 amputaei,
409 2916 435 2949 π.
453 2900 528 2964 415.,
550 2895 594 2949 vel
618 2895 803 2964 ἐπεκράτησεν
828 2896 846 2964 ἡ
869 2895 1029 2963 ἀνάγνωσις
1055 2902 1141 2965 αὐτοῦ,

147 2981 173 3019 α.
191 2915 248 3020 5ςῆ
279 2981 301 3016 ε.
320 2969 353 3021 69
391 2966 488 3024 tlte.
514 2981 539 3034 η.
557 2967 616 3018 289.
663 2965 743 3030 ,67.,
766 2961 809 3016 vel
835 2962 920 3022 οὕτως
947 2963 1009 3017 iac
1040 2969 1078 3021 τὰ
1101 2972 1144 3037 τῆς

146 3032 333 3102 ἀναγνώσεως,
363 3032 386 3085 λ.
405 3036 463 3112 ⁶⁵¹:
491 3033 520 3099 ψ.
538 3035 596 3086 387.
624 2982 661 3086 off
675 3031 801 3098 Apollon.
826 3030 859 3084 ‹ie
877 3030 950 3101 Synt.
958 2982 1008 3088 51.
1041 3050 1071 3104 p.
1091 3039 1140 3091 loa

144 3099 196 3156 111.
214 3116 240 3168 p.
250 3103 308 3156 222.
336 3101 501 3154 Contrarium
518 3114 628 3169 perraro
647 3104 763 3166 notatur,
781 3100 829 3151 οὐκ
847 3099 961 3169 ἐπείσθη
978 3103 998 3172 ἡ
1020 3104 1142 3174 παρηίδα

147 3186 197 3233 ως,
215 3173 246 3221 nt
263 3186 290 3236 φ.
311 3172 367 3223 162.
386 3187 415 3220 ω.
433 3171 491 3222 316.
510 3173 561 3222 etc.
589 3169 647 3221 Iam
665 3166 727 3221 audi
744 3165 874 3236 insignem
890 3166 979 3222 locum
1000 3169 1030 3224 Ε
1109 3170 1143 3226 li.

146 3253 173 3305 p.
190 3241 248 3292 815.
285 3237 415 3305 Διαφέρει
435 3239 534 3306 χρῆσις
556 3236 749 3305 παραδόσεως·
770 3241 870 3306 χρῆσις
886 3235 934 3298 μὲν
952 3235 1013 3306 γὰρ
1034 3243 1142 3304 sym

147 3306 165 3374 ἡ
181 3309 235 3358 τῶν
253 3306 373 3377 ἀρχαίων
391 3306 546 3375 ποιημάτων
563 3304 710 3372 μαρτυρία,
727 3303 877 3371 παράδοσις
894 3303 923 3354 δὲ
941 3305 958 3373 ἡ
979 3311 1043 3359 τῶν
1059 3309 1085 3364 Γ
1136 3337 1143 3347 ·

146 3376 275 3436 ματαῶν·
302 3371 373 3439 οἷον,
400 3372 434 3424 τὰ
459 3373 510 3436 μὲν
530 3370 644 3442 Ὁμήρου
673 3371 792 3424 καλεῖται
806 3375 917 3443 χρῆσις,
944 3372 979 3424 τά
1000 3377 1036 3427 δὲ
1056 3326 1145 3432 Ἠ·

148 3441 241 3512 πτάρ
270 3461 307 3495 ου
342 3443 400 3493 τοῦ
434 3438 689 3509 Γραμματιιιοῦ,
724 3440 920 3511 παράδοσις.
964 3437 1006 3495 Et
1035 3396 1143 3514 quiscur

145 3510 211 3562 ,ιο
228 3459 334 3582 δαν.

1023 3578 1033 3620 i
