2482 3960
474 274 650 328 —135-

64 422 315 495 interpunctione,
342 438 428 492 quum
448 421 486 480 ad
506 421 536 479 id
556 427 670 493 tempus
690 418 807 479 inflexio
829 425 859 479 et
878 437 964 479 sonus
983 422 1061 479 vocis

62 500 142 558 nullo
157 515 212 558 usu
230 499 375 569 signorum
393 504 553 571 regeretur,
578 513 708 569 unusque
727 513 762 556 ac
781 503 939 570 perpetuus
960 498 1062 556 ductus

63 577 227 635 litterarum
237 575 390 633 lectionem
403 575 487 632 valde
501 573 707 647 impediret92).
739 575 831 650 Quam
843 580 964 647 propter
976 591 1061 632 unam

62 669 125 710 rem
145 651 346 724 Aristophanis
366 667 470 710 nomen
497 657 639 724 perpetua
658 652 798 709 memoria
818 651 935 736 dignum
955 650 1062 707 hahen-

64 729 133 787 dum
154 735 240 800 esset,
260 729 316 785 nisi
335 729 501 787 memoriam
521 729 622 786 talium
642 727 810 799 quotidiana
824 727 1000 789 consuetudo
1015 742 1062 784 ex-

63 806 235 876 stingueret.
269 805 392 863 Praeter
411 805 484 862 haec
503 805 533 862 in
545 806 649 863 multos
665 810 694 862 et
708 805 891 875 gravissimos
905 803 1061 875 scriptores

63 887 272 941 commentatus
294 887 346 953 est,
367 882 568 953 recensuitque
589 899 623 939 ac
643 880 786 954 disposuit
799 896 898 938 eorum
911 896 1010 952 opera,
1030 885 1063 937 ut

62 958 194 1029 Hesiodi,
215 957 324 1030 Alcaei,
344 957 473 1030 Pindari,
494 956 677 1029 Platonis93).
716 956 909 1029 Praecipuum
922 973 989 1014 vero
1004 962 1062 1014 stu·
1075 978 1113 1018 rao

64 1034 144 1092 dium
171 1035 312 1106 impendit
345 1035 374 1091 in
404 1035 532 1093 scenicos
561 1039 677 1106 poetas,
708 1034 830 1091 maxime
861 1033 890 1089 in
917 1031 1063 1091 domicum

66 1111 264 1182 cognominem
284 1128 375 1180 suum,
396 1127 489 1183 neque
510 1111 560 1180 sic,
581 1116 614 1168 ut
629 1111 658 1167 in
672 1109 801 1170 obscuris
816 1125 868 1167 seu
882 1108 1062 1181 elegantibus

65 1187 213 1246 vocabulis
233 1188 378 1258 haereret,
398 1188 451 1245 sed
471 1193 504 1244 ut
522 1188 684 1246 universam
704 1187 761 1245 rim
782 1193 811 1245 et
832 1192 923 1244 artem
944 1191 974 1243 et
988 1190 1063 1243 tem-

64 1280 137 1336 pora
157 1261 318 1321 fabularum
340 1261 549 1337 exponeret94),

65 1352 74 1369 ι
140 1339 298 1398 Homerum
319 1346 416 1398 autem
437 1340 578 1412 quomodo
600 1342 784 1413 tractaverit,
810 1345 840 1399 et
860 1355 998 1411 quasnam
1017 1355 1063 1396 ra·

62 1416 158 1475 tiones
173 1417 233 1474 eius
249 1416 421 1474 emendandi
436 1419 474 1474 sit
487 1425 612 1489 secutus,
633 1433 725 1488 aeque
738 1416 890 1475 obscurum
905 1422 958 1487 est,
979 1431 1064 1487 quam

63 1498 127 1551 erat
148 1493 177 1550 in
191 1493 349 1552 Zenodoto.
382 1494 456 1551 Nam
478 1494 534 1551 etsi
551 1495 682 1552 recensio
699 1493 913 1565 Aristophanea
925 1509 1000 1549 nunc
1012 1510 1064 1549 nu-

61 1584 115 1641 per
129 1570 200 1627 satis
213 1571 311 1628 multis
325 1569 495 1628 lectionibus
509 1569 686 1643 innotuitiit,
707 1570 841 1641 quoniam
853 1574 951 1627 tamen
965 1585 1064 1627 earum

34 1746 37 1750 ·
134 1727 169 1793 9²)
186 1725 255 1781 Vide
273 1728 380 1781 Fosteri
398 1727 485 1796 Essay
503 1744 538 1782 on
555 1729 659 1782 Accent
676 1728 729 1782 and
747 1728 919 1850 Quantitypl
939 1733 995 1782 182.
1007 1743 1063 1795 sqq.

63 1799 91 1847 et
112 1809 171 1862 eos,
199 1811 266 1862 quos
294 1796 387 1849 laudat
404 1795 505 1848 Villois.
533 1797 561 1849 in
578 1797 702 1863 Append.
721 1797 756 1851 ad
774 1797 873 1866 Epistt.
917 1797 997 1849 inarr.
1016 1811 1064 1849 seu

64 1863 155 1928 potius
174 1863 221 1916 diu
240 1864 420 1917 desideratum
433 1864 563 1932 scriptum
576 1864 688 1919 Arcadii
695 1866 858 1920 Antiocheni
871 1884 905 1918 πε
929 1866 936 1916 i
948 1869 996 1933 τῆς
1007 1869 1062 1916 τῶν

66 1931 155 1982 τόνον
175 1932 314 2001 εὑρέσεως
332 1938 382 1986 etc.
405 1932 504 1986 ibidem
522 1934 556 1985 ah
574 1932 620 1986 illo
638 1934 724 2000 primo
746 1934 855 1987 editum.
916 1949 935 1986 x
953 1948 986 1986 ea
1003 1931 1064 1985 doc·

64 1997 136 2051 trina
153 1999 343 2067 Aristophanis
360 2000 459 2068 passim
478 2000 580 2068 aliquid
598 2001 631 2054 de
649 2002 753 2055 ratione
771 2007 930 2055 accentuum
949 1998 1065 2053 afferunt

65 2065 249 2134 Grammatici,
268 2068 370 2135 primus
389 2069 506 2122 omniurn
525 2068 649 2136 Apollon.
668 2070 747 2122 Alex.
765 2068 812 2122 IV.
829 2085 856 2136 p.
874 2073 933 2122 304.

131 2152 168 2220 93)
185 2150 254 2206 Vide
279 2152 366 2206 Schol.
391 2153 425 2207 ad
443 2153 554 2208 Hesiod.
577 2153 605 2207 θ.
624 2157 665 2208 68.
684 2154 831 2220 Hephaest.
849 2153 959 2206 Euchir.
977 2168 1003 2220 p.
1022 2154 1065 2220 742

65 2219 147 2287 Diog.
165 2219 257 2273 Laert.
276 2221 326 2286 III,
344 2225 386 2275 61.
404 2221 479 2275 Pind.
497 2221 587 2276 Vitam
605 2238 622 2274 a
639 2222 689 2274 Th.
706 2221 837 2288 Magistro
856 2222 1004 2288 collectam,
1016 2220 1064 2273 ubl

67 2286 254 2370 legimusfiip
266 2306 364 2340 ιστον
392 2289 451 2352 μὲν
477 2291 565 2358 ὕδωρ
584 2290 775 2359 προτετάχθαι
794 2291 844 2342 ὑπὸ
863 2290 1068 2373 Ἀριστοφάνους

64 2373 130 2407 τοο
159 2355 402 2416 συντάξαντος
427 2359 466 2409 τά
491 2355 699 2478 Πινδαῇικά,
726 2357 769 2408 διὰ
792 2360 822 2411 τὸ
851 2375 990 2476 περιεξειν
1015 2359 1065 2410 τοῦ

953 2445 966 2476 ν
982 2423 1065 2478 Ἤλιδι

64 2423 174 2487 ἀγῶνος
192 2424 321 2492 ἐγκώμιον
341 2426 384 2477 καὶ
403 2426 437 2477 τὰ
454 2426 519 2495 περὶ
539 2430 588 2479 τοῦ
627 2425 732 2488 έλοπος,
752 2425 782 2485 ὃς
805 2431 916 2496 πρῶτος

64 2491 232 2560 ἠγωνίσατο.
264 2491 381 2561 Similia,
405 2499 486 2561 puto,
516 2500 543 2548 et
561 2494 662 2547 maiora
679 2494 774 2547 horum
793 2494 951 2550 criticorum
969 2494 1067 2546 merita

63 2557 193 2637 sciremus
210 2560 238 2611 in
256 2561 383 2628 Lyricos,
407 2563 567 2629 praesertim
586 2563 614 2615 in
631 2562 744 2616 metrica
762 2562 898 2631 doctrina,
920 2561 972 2615 nisi
989 2562 1067 2614 ruina

61 2640 156 2693 mgens
173 2627 218 2681 hic
235 2629 337 2697 optima
356 2643 479 2697 quaeque
496 2645 580 2698 opera
597 2630 796 2697 absumpsisset.

131 2711 239 2831 igiter
259 2720 374 2781 apparet
400 2730 434 2768 ex
452 2714 605 2769 summariis
623 2717 666 2768 vel
683 2717 822 2785 Argumm.
840 2717 943 2785 aliquot
961 2714 1062 2782 Sopho·

62 2777 119 2857 elis,
164 2780 285 2849 uripidis,
303 2782 499 2850 Aristophanis,
517 2782 551 2836 ad
563 2799 630 2851 quos
642 2800 831 2851 nonuunquam
843 2785 924 2838 etiam
936 2783 1062 2836 laudatur

62 2862 92 2898 m
109 2845 231 2917 Scholiis,
249 2855 306 2903 turn
325 2865 359 2904 ex
377 2850 511 2903 Athenaei
529 2851 587 2904 loco
606 2850 652 2904 Vl.
670 2867 697 2917 p.
715 2855 773 2904 241.
793 2852 833 2918 F,
860 2852 907 2905 uhi
924 2850 1060 2916 Machoni,

61 2914 134 2967 claro
152 2920 209 2969 tum
227 2923 325 2985 poetae
350 2918 464 2986 comico,
488 2935 599 2986 operam
622 2918 727 2973 dedisse
750 2919 861 2986 dicitur,
885 2919 918 2973 de
939 2917 1061 2986 partibus

60 2983 215 3037 comoediae
238 2985 424 3053 praecipienti.
469 2987 587 3054 Fuitque
609 2985 797 3054 Aristophanis
825 2988 909 3040 nostri
934 2986 1060 3054 proprius

61 3053 268 3106 commentarius
293 3052 327 3106 de
353 3054 447 3120 larvis,
472 3053 566 3107 codem
593 3061 663 3108 teste
685 3055 784 3108 Athen.
807 3054 880 3108 XIV.
904 3073 930 3124 p.
950 3058 1008 3109 659.
1027 3053 1059 3107 B.

62 3115 102 3170 Cf.
121 3117 207 3172 Bentl.
226 3120 259 3175 de
276 3121 364 3190 Epist.
382 3121 489 3175 Phalar.
507 3139 534 3190 p.
552 3126 594 3176 25.

131 3203 167 3270 9⁵)
192 3203 221 3257 ‘H
236 3204 452 3274 Ἀριστοφάνειος
470 3206 625 3271 διόρθωσις,
644 3208 661 3276 ἡ
679 3208 748 3259 κατὰ
766 3206 931 3277 Ἀριστοφάν
951 3249 956 3259 .
992 3204 1062 3258 Eam

59 3276 203 3339 utrumque
217 3272 330 3326 Carmen
343 3273 510 3340 complexam
522 3288 589 3342 esse,
602 3290 636 3327 ex
647 3275 788 3330 Athenaeo
803 3281 830 3329 et
841 3273 940 3328 Eustat
961 3273 985 3327 'o
998 3273 1064 3327 satis

59 3339 227 3407 iutelhgitur.
267 3339 320 3394 Sed
345 3355 410 3394 care
434 3346 527 3408 putes,
551 3357 610 3396 eam
632 3343 767 3410 integram
789 3343 893 3397 venisse
915 3342 943 3394 in
968 3356 1063 3395 manns

60 3406 301 3462 Grammaticorum
324 3413 485 3462 nostrorum.
521 3409 545 3461 li
570 3410 639 3463 enirn
660 3411 705 3464 hic
729 3427 837 3480 quoqne
858 3410 886 3462 in
903 3409 1063 3465 lectionibus

59 3474 122 3528 inde
141 3476 275 3543 excerptis
293 3474 424 3530 vocabulo
442 3476 510 3544 φασὶ
528 3482 648 3546 utuntur,
668 3479 733 3532 abbi
751 3485 888 3533 auctorem
906 3494 983 3532 suum
1000 3493 1062 3546 pro·
