2482 3960
590 299 772 352 „30-

179 446 306 504 blemata
325 445 355 503 in
369 410 500 518 Odyssea
518 444 618 503 videre
637 445 707 503 mibi
725 445 827 504 videor
845 446 940 518 plura,
960 450 991 503 et
1004 460 1096 503 unum
1110 443 1183 505 adeo

178 520 377 590 manifestum,
403 527 436 579 ut
456 538 492 580 ex
510 523 558 594 iis,
585 537 706 593 quorum
725 521 834 580 iudieio
855 522 910 580 hoo
929 521 1080 593 specimen
1100 536 1180 594 spee-

178 598 297 656 tandum
317 598 446 670 subiioio‚
467 598 647 657 adversarios
667 598 737 656 mihi
757 613 921 671 perpaucos
941 595 1004 656 fore
1025 613 1154 670 sperem.

255 673 405 746 edyssa.
427 682 491 734 620.
516 674 567 732 ubi
590 675 692 741 eitius,
720 690 806 746 quam
826 674 897 732 velis
919 678 949 732 et
971 678 1141 748 exspectes,
1166 689 1184 733 e

179 750 257 809 dulei
276 751 416 822 oolloquio
435 750 564 809 Menelai
583 751 787 823 abstrahimur,
808 750 933 808 redituri
954 749 992 808 ad
1012 750 1089 808 illud
1108 749 1180 811 libro

176 827 249 900 XV,
261 828 310 899 qui
323 827 488 886 Telemachi
500 827 626 886 reditum
640 826 787 898 describit,
804 831 929 898 quatuor
939 831 1108 898 'sequuntur
1121 841 1181 885 ver·

177 919 226 961 sus
246 904 311 977 ipsa
330 904 468 964 orationis
488 904 641 962 insolentie
661 909 691 961 et
711 903 901 976 ambiguitate
922 902 1080 975 durissimi,
1100 902 1183 962 nihil-

177 995 233 1051 que
258 980 406 1039 Homerici
431 980 534 1039 eoloris
564 979 714 1038 habentes.
761 979 849 1038 Cuius
877 981 981 1051 eulpae
1007 979 1129 1050 quidem
1152 980 1180 1037 in

176 1057 253 1114 omni
276 1057 389 1129 reliqua
412 1061 496 1130 parte
515 1056 565 1114 IV.
584 1055 651 1114 libri
676 1056 894 1128 ahquammnlta
926 1055 1053 1127 uestigia
1072 1056 1181 1128 notavi,

178 1132 282 1203 quibus
300 1150 357 1192 non
377 1132 502 1192 absurde
521 1133 630 1191 leuiore
650 1131 704 1191 hoo
723 1133 854 1204 perioulo
875 1131 1075 1204 praeludatur.
1108 1132 1181 1191 Nam

178 1208 214 1266 de
234 1210 311 1268 illius
330 1210 387 1267 looi
406 1207 604 1280 ambiguitate,
625 1209 711 1281 eulpa
723 1209 841 1267 minime
855 1207 1021 1280 Homerica,
1041 1223 1180 1281 praeser-

175 1285 228 1343 tim
246 1286 277 1343 in
296 1284 382 1343 rebus
395 1285 562 1357 tritissimis,
582 1300 665 1343 nemo
676 1284 780 1344 doetus
792 1284 945 1353 dubitabit,
958 1289 989 1342 et
998 1284 1056 1342 iam
1068 1284 1139 1344 olim
1152 1285 1181 1342 in

176 1376 212 1418 ea
223 1361 371 1420 laborasse
386 1367 416 1419 et
429 1360 602 1419 dissensisse
615 1363 741 1433 putarim
755 1362 942 1434 interpretes,
957 1376 1081 1432 quorum
1091 1360 1180 1434 oopiia

122 1452 163 1493 rsa
176 1437 205 1493 in
227 1437 358 1510 Odyssea
382 1452 458 1495 nuno
482 1438 651 1509 saepissime
671 1454 814 1498 caremus.
853 1436 1026 1495 Eustathius
1053 1436 1181 1509 quidem,

175 1513 259 1571 nimis
279 1515 437 1573 eontraetis
457 1514 487 1570 in
508 1530 547 1572 ea⁴
564 1513 685 1573 Sehohis
706 1531 775 1572 usus
797 1510 970 1589 δαιτυμόνας
988 1528 1055 1585 non,
1077 1512 1182 1571 utHo·

177 1589 251 1647 meri
271 1595 302 1648 et
320 1590 444 1650 omnium
463 1591 635 1663 scriptorum
656 1590 835 1649 consuetudo
856 1591 960 1662 poscit,
980 1591 1111 1645 αοααίααε
1129 1588 1181 1648 sed

173 1668 372 1739 coquinatores,
393 1663 461 1731 τοὺς
480 1663 530 1744 τὴν
550 1665 635 1724 δαῖτα
653 1661 917 1742 ἑτοιμάζοντας9θ),
947 1666 1180 1738 interpretatum

175 1741 277 1813 (idque
296 1741 360 1801 fieri
378 1758 497 1801 neeesse
517 1749 570 1815 est,
591 1743 625 1815 si,
646 1741 723 1813 quod
743 1747 846 1801 auctor
859 1742 962 1815 prooul
975 1740 1065 1801 dubio
1079 1743 1180 1814 voluit,

173 1819 333 1890 proximum
358 1817 386 1875 oi
408 1819 536 1891 pertinet
559 1818 597 1877 ed
623 1816 825 1895 decrepitum)
861 1825 924 1876 tum
948 1815 1002 1874 ἀλό
1024 1836 1091 1891 ους,
1122 1834 1179 1878 non

172 1894 267 1952 minus
286 1895 376 1953 inuito
396 1912 452 1953 usu
470 1895 615 1968 loquendi,
646 1897 772 1967 ancillas,
794 1900 897 1967 utpote
918 1837 1094 1953 concubinas
1113 1911 1182 1968 pro-

173 1985 283 2028 oomm:
311 1987 480 2043 omnemque
505 1972 599 2031 looum
623 1972 686 2029 sine
710 1972 772 2029 ulla
798 1971 992 2029 haesitatione
1017 1969 1056 2028 ed
1083 1971 1181 2030 aulam

172 2046 285 2119 Ulyssis
310 2046 414 2120 refert,
441 2065 498 2107 non
524 2049 660 2107 Menelai.
705 2047 845 2119 Plerique
873 2054 974 2106 eontra
997 2047 1182 2107 recentiores

171 2123 268 2197 Intpp.
295 2140 352 2184 non
377 2126 420 2183 ite
445 2123 531 2183 iaoile
557 2141 589 2183 se
616 2141 634 2183 e
658 2124 796 2182 Menelao
819 2123 924 2182 abduci
943 2123 1104 2195 patiuntur.
1147 2123 1182 2181 In

172 2200 276 2270 quibus
289 2201 446 2261 Bamesius
460 2202 592 2274 humane,
613 2206 647 2260 ut
660 2201 711 2272 ait,
725 2200 841 2273 lapsum
854 2199 999 2259 eondonat
1011 2198 1182 2272 Eustetbio,

172 2292 258 2347 quem
278 2278 410 2349 equidem
430 2278 460 2335 in
479 2294 533 2336 sua
552 2294 642 2351 opera
661 2276 839 2350 compilandi
858 2292 895 2334 ne
915 2275 974 2333 labi
995 2274 1113 2346 quddam
1127 2276 1183 2335 tali

172 2352 258 2411 modo
277 2355 407 2424 potuisse
427 2353 530 2424 ered03
550 2354 614 2426 ipse
633 2369 702 2412 uero
722 2349 853 2488 ἀλόέους
872 2371 968 2407 aeones
987 2351 1087 2411 neseio
1107 2367 1184 2424 quas

167 2431 291 2498 filiorum
311 2431 431 2484 Menelai
442 2438 466 2484 et
479 2433 627 2484 amicorum
640 2431 755 2503 accipit,
799 2429 922 2487 ealtero
936 2427 1077 2486 vocabulo
1089 2433 1184 2487 tacet.

172 2502 310 2576 Deeeria,
330 2505 360 2561 in
379 2509 502 2575 utroque
520 2503 705 2564 Eusta'thium
725 2522 861 2578 sequens,
881 2511 978 2563 tamen
999 2509 1029 2560 et
1047 2503 1116 2576 ipsa
1130 2503 1185 2564 ed·

171 2579 230 2637 huo
251 2579 374 2651 Spartae
392 2586 531 2639 moratur.
569 2582 613 2639 Ao
636 2580 735 2641 forsan
760 2583 813 2641 hos
841 2588 871 2640 et
891 2581 964 2639 alios
984 2579 1085 2652 plures
1104 2580 1183 2639 illud

172 2657 272 2726 movit,
293 2672 387 2728 neque
410 2657 471 2715 sine
492 2673 588 2729 eausa,
617 2659 694 2730 quod
723 2657 809 2720 θεῖος
826 2653 966 2731 βασιλεὺς
984 2657 1014 2713 in
1032 2655 1091 2715 boe
1109 2672 1183 2716 eon·

169 2736 252 2789 textu
275 2732 318 2790 ita
343 2732 450 2792 dietum
476 2733 599 2807 videtur,
629 2740 663 2793 ut
688 2735 795 2807 aliquis
822 2733 859 2792 ab
879 2733 985 2806 Ulysse
1003 2733 1179 2792 nominatim

168 2809 319 2881 appellato
340 2809 546 2883 distinguatur.
567 2810 625 2870 Sed
649 2827 750 2869 nnsus
793 2808 850 2888 ἦλα
870 2806 948 2886 ἄγειν
962 2809 991 2865 in
1005 2810 1181 2868 memoriam

168 2890 286 2945 revooat
304 2903 416 2959 procos,
437 2885 582 2965 αἰε1,μῆλ’
603 2885 686 2945 ἀδινὰ
705 2831 880 2964 σφάῇντας,
901 2886 1049 2956 servisque
1068 2885 1117 2944 vel
1138 2884 1181 2946 ia·

168 2961 268 3034 mulis,
294 2978 413 3021 coenam
440 2964 661 3036 apparentibus,
691 2964 748 3036 ipsi
770 2963 936 3040 μνηστῆρες
961 2978 987 3020 v.
1009 2968 1074 3020 625.
1100 2961 1183 3023 beno

167 3037 258 3095 iuneti
280 3038 373 3097 uideri
400 3045 529 3112 possunt
568 3040 608 3098 At
632 3040 772 3112 quidquid
799 3038 901 3098 borum
928 3054 1028 3096 verum
1049 3043 1109 3110 est,
1147 3047 1179 3099 et

116 3130 154 3171 raa
167 3113 267 3172 ubiubi
286 3112 320 3173 fit
337 3116 470 3174 transitio
490 3115 595 3174 adres
614 3116 783 3189 Ithacesiae,
804 3115 943 3188 perplexe
964 3114 1015 3172 illa
1033 3111 1066 3172 fit
1087 3119 1120 3173 et
1137 3116 1182 3175 in·

169 3190 342 3264 gratissime,
367 3207 462 3264 neque
485 3193 533 3250 hie
562 3193 719 3252 Homerum
751 3197 905 3252 canentem
936 3191 1077 3250 audimus.
1118 3192 1182 3253 Ita·

258 3368 294 3436 ⁹⁸)
313 3367 351 3421 Et
367 3367 437 3422 hane
454 3366 588 3420 rationem
605 3366 686 3434 vulgo
703 3367 769 3421 olim
786 3367 915 3422 traditam
932 3372 1006 3435 puta.
1041 3366 1086 3420 lta
1102 3365 1184 3423 brev.

167 3432 494 3571 {etlyrglblolfioagdggssaq
513 3432 629 3502 Hesyeh.
645 3434 672 3488 h.
691 3435 725 3503 gl.
747 3440 882 3504 extrema,
900 3437 1035 3505 μάγειροι,
1054 3434 1185 3492 similiter
