2482 3960
584 301 759 355 -64..

172 448 324 521 ascriptis
345 448 555 523 exemplaribus
575 448 728 520 destituta,
750 425 805 507 non
826 449 945 508 vacillat
963 447 1121 523 interdum,
1143 457 1177 510 et

170 525 320 598 paullatim
338 525 451 598 longius
471 541 490 584 a
508 523 565 582 fide
586 524 730 583 desciscit.
770 526 804 583 lu
824 526 925 598 primis
946 541 1014 584 vero
1034 527 1176 587 recitatio

170 603 249 674 ipsa,
273 601 369 661 vivido
394 603 504 675 impetu
530 605 560 659 et
584 601 688 660 ardore
713 602 801 660 animi
829 607 958 674 peracta,
982 599 1176 663 infirmaverit

170 684 285 750 oportet
303 679 478 751 memoriam,
507 679 661 750 multisque
680 678 888 737 mutationibus
909 694 1025 737 causam
1045 678 1174 753 dederit,

121 764 125 772 ’
170 755 199 812 in
219 772 254 814 eo
273 756 445 828 praesertim
464 770 604 827 sermone,
626 755 674 827 qui
695 755 777 827 quasi
792 760 893 828 sponte
908 754 1096 814 concluderet
1108 772 1174 816 ver-

170 849 247 904 sum,
271 847 365 903 nequa
389 832 463 891 banc
488 831 671 891 artificiosam
691 832 912 891 concinnitatem
932 832 1069 903 baberet,
1095 848 1174 904 quae

171 908 287 967 aliunde
307 909 389 967 illata
408 913 569 982 respueret,
591 925 677 980 quum
697 909 794 968 omnia
815 914 897 967 tanta
910 909 1097 981 simplicitate
1106 925 1172 968 son·

170 985 268 1044 tentiis
288 986 383 1044 verbis
404 991 537 1045 conserta
557 986 622 1054 sint,
643 985 739 1044 omnia
758 986 801 1044 ita
821 986 1001 1044 membratim
1015 991 1045 1044 et
1056 985 1172 1044 incisim

170 1060 333 1135 decurrant,
358 1067 392 1120 ut
408 1062 547 1135 mutandi,
569 1062 752 1134 detrahendi,
774 1061 900 1121 addendi
919 1062 1026 1133 ubique
1045 1063 1172 1122 maxima

169 1137 294 1198 facilitas
314 1139 360 1197 sit.
400 1140 549 1199 Postremo
569 1140 672 1197 mirum
692 1137 807 1211 fuisset,
827 1140 884 1196 nisi
897 1138 1036 1213 rhapsodi
1049 1153 1171 1210 genem·

170 1216 253 1275 sioris
274 1215 403 1287 spiritus,
425 1221 455 1274 et
474 1217 523 1288 qui
543 1216 599 1289 ipsi
609 1220 714 1288 poetae
734 1222 841 1288 essent,
861 1216 969 1288 passim
983 1214 1093 1287 aliquid
1106 1231 1125 1274 a
1138 1232 1171 1275 sc

169 1293 271 1349 melius
293 1291 350 1349 dici
370 1308 465 1366 posse,
486 1293 544 1359 alia
564 1293 653 1351 etiam
672 1292 702 1349 in
724 1292 890 1352 auditorum
904 1292 1028 1365 gratiam
1041 1290 1172 1352 clariori-

169 1367 222 1427 bus
242 1367 337 1427 verbis
358 1369 556 1442 exprimenda,
581 1369 639 1427 alia
665 1368 789 1440 denique
816 1368 1019 1428 intertexenda
1036 1367 1170 1440 pluribus

171 1443 350 1504 Carminibus
371 1461 428 1504 uno
441 1444 488 1505 filo
502 1444 651 1503 nectendis
665 1450 811 1517 putarent.
842 1445 884 1505 Ut
897 1447 973 1504 enim
987 1445 1024 1504 ab
1037 1445 1170 1505 omnibus

168 1520 400 1594 intelligerentur
420 1528 533 1580 etcum
553 1522 701 1595 voluptate
722 1521 901 1594 audirentur,
922 1538 1033 1583 summa
1051 1521 1170 1582 illorum

169 1613 239 1656 cura
260 1614 323 1656 esse
343 1597 452 1672 debuit,
477 1615 534 1658 non
553 1598 640 1670 baec,
665 1605 699 1657 ut
720 1598 855 1658 Carmina
876 1600 988 1658 sincera
1008 1605 1169 1667 servarent,

118 1674 267 1745 nequalia
290 1675 413 1747 primum
437 1674 553 1735 fuderat
577 1681 667 1734 vates.
713 1676 816 1747 ltaque
836 1677 1003 1734 nominatim
1024 1675 1167 1748 Gynaetbi

169 1748 279 1809 familia
301 1751 484 1810 insimulatur
507 1752 588 1810 illum
613 1757 675 1809 tum
699 1752 764 1809 aliis
789 1752 882 1811 modis
902 1753 1078 1826 corrupisse,
1105 1757 1167 1811 tum

143 1862 147 1869 -
169 1827 302 1898 proprios
321 1844 421 1886 versus
442 1827 682 1899 inculcavissell).
718 1829 814 1900 Quare
835 1828 969 1900 equidem
982 1828 1166 1902 crediderim,

170 1903 194 1960 si
222 1918 258 1960 ex
286 1905 387 1962 talium
416 1904 625 1977 rhapsodorum
655 1919 705 1963 cre
736 1909 889 1977 exceptum
918 1905 1005 1964 bodie
1037 1911 1167 1964 exstaret

172 1980 331 2052 exemplum
350 1980 482 2053 Homeri,
508 1981 545 2040 ab
569 1981 785 2052 insequentibus
808 1980 923 2040 Oriticis
950 1998 1006 2040 non
1025 1981 1167 2054 limatum,

171 2056 291 2114 eandem
316 2058 394 2115 illius
420 2055 523 2116 faciem
547 2055 672 2116 futuram
698 2072 778 2130 esse,
806 2074 891 2129 quam
920 2059 1043 2117 maiores
1072 2059 1167 2117 nostri

171 2135 275 2204 Hymni
294 2136 502 2190 Honestiorem
520 2134 636 2193 habent.

245 2208 390 2270 Admonet
408 2228 454 2269 me
473 2211 528 2270 boc
546 2227 649 2270 nomen
668 2210 861 2284 Hymnorum,
887 2210 924 2269 ab
945 2210 1168 2271 Hemsterhusio

171 2290 199 2343 at
210 2286 275 2344 aliis
289 2287 410 2346 eruditis
420 2287 576 2359 inductum,
588 2292 621 2345 ut
629 2287 763 2346 adiiciam
776 2286 885 2358 aliquid
895 2287 932 2346 de
942 2287 1168 2361 interpolatione

169 2362 390 2436 rhapsodorum,
411 2379 447 2421 ax
466 2380 522 2435 quo
542 2364 628 2435 plane
648 2368 808 2435 appareat,
834 2379 920 2436 quam
939 2365 982 2422 illi
1000 2380 1057 2423 non
1078 2363 1167 2423 alieni

169 2435 277 2496 fuerint
296 2455 315 2496 a
334 2440 448 2511 poetica
461 2438 608 2511 facultate,
629 2445 660 2498 et
679 2455 765 2511 quam
786 2441 849 2498 sine
868 2438 970 2499 fraude
990 2441 1057 2499 talis
1077 2441 1169 2499 inter-

169 2514 278 2586 polatio
298 2513 376 2574 facta
395 2517 443 2574 sit.
480 2515 565 2573 Prius
590 2516 704 2587 quidem
729 2517 818 2575 etiam
843 2517 922 2576 nullo
949 2523 1067 2577 anctore
1091 2517 1169 2574 veri·

169 2591 342 2649 simillimum
363 2597 449 2663 esset,
469 2593 524 2650 nisi
543 2592 617 2651 adeo
636 2591 744 2665 frigida
765 2599 851 2665 putes
862 2594 977 2653 illorum
986 2593 1112 2666 ingenia,
1133 2599 1184 2651 ut·

169 2683 224 2725 usu
243 2683 336 2739 paene
355 2667 523 2741 quotidiano
543 2669 713 2742 optimorum
740 2675 893 2742 poetarum
916 2687 973 2730 non
993 2670 1169 2729 incaluerint

168 2743 206 2801 ad
226 2744 335 2816 aliquid
360 2746 451 2804 simile
478 2745 654 2804 tentandum.
694 2746 814 2818 Verum,
835 2747 890 2804 etsi
913 2747 1000 2805 huius
1020 2747 1085 2805 aevi
1103 2750 1166 2804 tam

167 2819 304 2880 lacunosa
321 2823 444 2882 historia
464 2829 516 2895 est,
537 2822 679 2881 Pindarus
698 2828 797 2882 tamen
821 2828 851 2880 et
863 2822 1078 2895 Plutarchuslb
1092 2823 1169 2881 satis

238 3019 274 3084 ⁷⁷)
291 3017 378 3072 Schol.
397 3018 475 3074 Pind.
492 3018 509 3071 l.
528 3033 551 3073 c.
569 3025 596 3073 ct
615 3035 648 3072 ex
666 3034 698 3073 eo
715 3019 842 3080 Eustath.
861 3017 896 3072 ad
914 3018 945 3071 Il.
963 3035 990 3087 p.
1009 3021 1032 3072 6.
1051 3018 1098 3071 inf.

237 3104 272 3170 is)
291 3103 333 3156 De
351 3103 456 3156 Musica
494 3108 584 3159 .1133.
605 3105 633 3159 ὓ.
651 3105 763 3172 loquens
783 3102 816 3156 de
834 3103 922 3157 modis
934 3102 1122 3158 citharoedicis
1140 3110 1173 3157 et.

166 3171 307 3241 rhapsodis
324 3119 531 3244 antiquioribus:
552 3170 595 3226 Τὰ
612 3173 698 3242 πρὸς
715 3172 795 3230 τοὺς
811 3171 932 3234 θεοὺς,
957 3172 1001 3230 ὡς
1023 3171 1166 3236 studior-

168 3258 236 3307 ται,
259 3240 562 3310 ἀφοσιωσάμενοι,
587 3239 728 3307 ἐξέβαινον
756 3239 841 3298 εὐθὺς
865 3239 912 3292 ἐπί
926 3257 959 3291 τε
984 3241 1033 3309 τὴν
1047 3238 1170 3308 Ὁμ’ρου

167 3308 282 3360 καὶτῶν
301 3305 387 3360 ἄλλων
406 3307 523 3376 ποίησιν·
543 3308 622 3378 δῆλον
641 3309 671 3360 δὲ
688 3307 839 3360 τοῦτ”ἐστὶ
857 3307 900 3358 διὰ
912 3312 966 3360 τῶν
984 3257 1165 3377 ΤερπάνΖρου

167 3394 186 3427 π
207 3376 322 3439 οοιμίων.
356 3374 400 3428 Ex
422 3374 474 3429 hoc
500 3391 553 3430 nno
577 3376 635 3431 loco
655 3375 789 3443 discimus,
807 3391 861 3429 non
878 3375 907 3429 in
924 3375 1016 3429 Iovem
1034 3375 1120 3429 solum
1137 3380 1167 3428 et

198 3458 273 3511 usas,
297 3443 395 3497 sedin
418 3448 522 3498 ceteros
545 3460 651 3512 quoque
675 3443 740 3498 deos
763 3443 927 3512 prooemiari
950 3443 1058 3498 solitum
1075 3442 1166 3496 fnisse.

167 3510 262 3580 Neque
278 3517 369 3566 tamen
387 3528 422 3566 ex
438 3511 555 3567 Pindaro
573 3512 778 3582 rectecolligas,
792 3525 927 3579 sempera
940 3513 1169 3578 Iorepriacipium
