<?xml version="1.0" encoding="UTF-8"?>
<!DOCTYPE html PUBLIC "-//W3C//DTD XHTML 1.0 Transitional//EN"
    "http://www.w3.org/TR/xhtml1/DTD/xhtml1-transitional.dtd">
<html xmlns="http://www.w3.org/1999/xhtml" xml:lang="en" lang="en">
 <head>
  <title>
</title>
<meta http-equiv="Content-Type" content="text/html;charset=utf-8" />
  <meta name='ocr-system' content='tesseract 3.04.00' />
  <meta name='ocr-capabilities' content='ocr_page ocr_carea ocr_par ocr_line ocrx_word'/>
</head>
<body>
  <div class='ocr_page' id='page_1' title='image "./prolegomenaadho01wolfgoog_0196.png"; bbox 0 0 2482 3960; ppageno 0'>
   <div class='ocr_carea' id='block_1_1' title="bbox 426 289 683 348">
    <p class='ocr_par' dir='ltr' id='par_1_1' title="bbox 426 289 683 348">
     <span class='ocr_line' id='line_1_1' title="bbox 426 289 683 348; baseline 0 0"><span class='ocrx_word' id='word_1_1' title='bbox 426 312 431 320; x_wconf 91' lang='lat'><strong>·</strong></span> <span class='ocrx_word' id='word_1_2' title='bbox 505 289 683 348; x_wconf 77' lang='lat'>-173—</span> 
     </span>
    </p>
   </div>
   <div class='ocr_carea' id='block_1_2' title="bbox 64 441 1091 3109">
    <p class='ocr_par' dir='ltr' id='par_1_2' title="bbox 100 441 1090 665">
     <span class='ocr_line' id='line_1_2' title="bbox 100 441 1089 515; baseline -0.002 -14"><span class='ocrx_word' id='word_1_3' title='bbox 100 442 203 515; x_wconf 92' lang='lat' dir='ltr'>poetis,</span> <span class='ocrx_word' id='word_1_4' title='bbox 223 441 276 500; x_wconf 93' lang='lat' dir='ltr'>sed</span> <span class='ocrx_word' id='word_1_5' title='bbox 295 441 374 499; x_wconf 90' lang='lat' dir='ltr'>cuius</span> <span class='ocrx_word' id='word_1_6' title='bbox 394 441 521 498; x_wconf 87' lang='lat' dir='ltr'>carmina</span> <span class='ocrx_word' id='word_1_7' title='bbox 540 441 626 499; x_wconf 85' lang='lat' dir='ltr'>etiam</span> <span class='ocrx_word' id='word_1_8' title='bbox 646 442 703 500; x_wconf 88' lang='lat' dir='ltr'>alio</span> <span class='ocrx_word' id='word_1_9' title='bbox 728 441 812 500; x_wconf 92' lang='lat' dir='ltr'>modo</span> <span class='ocrx_word' id='word_1_10' title='bbox 833 441 870 500; x_wconf 86' lang='lat' dir='ltr'>ad</span> <span class='ocrx_word' id='word_1_11' title='bbox 890 441 1089 514; x_wconf 86' lang='lat' dir='ltr'>posteritatem</span> 
     </span>
     <span class='ocr_line' id='line_1_3' title="bbox 101 517 1090 590; baseline -0.001 -13"><span class='ocrx_word' id='word_1_12' title='bbox 101 519 270 578; x_wconf 89' lang='lat' dir='ltr'>transmissa</span> <span class='ocrx_word' id='word_1_13' title='bbox 290 519 376 575; x_wconf 77' lang='lat' dir='ltr'>sunt?</span> <span class='ocrx_word' id='word_1_14' title='bbox 414 517 478 575; x_wconf 86' lang='lat' dir='ltr'>Hac</span> <span class='ocrx_word' id='word_1_15' title='bbox 496 533 529 574; x_wconf 90' lang='lat' dir='ltr'>re</span> <span class='ocrx_word' id='word_1_16' title='bbox 549 518 637 576; x_wconf 89' lang='lat' dir='ltr'>etiam</span> <span class='ocrx_word' id='word_1_17' title='bbox 656 534 706 576; x_wconf 87' lang='lat' dir='ltr'>eas</span> <span class='ocrx_word' id='word_1_18' title='bbox 725 519 819 590; x_wconf 84' lang='lat' dir='ltr'>leges,</span> <span class='ocrx_word' id='word_1_19' title='bbox 847 535 920 590; x_wconf 89' lang='lat' dir='ltr'>quae</span> <span class='ocrx_word' id='word_1_20' title='bbox 941 519 1013 576; x_wconf 88' lang='lat' dir='ltr'>alias</span> <span class='ocrx_word' id='word_1_21' title='bbox 1032 519 1090 590; x_wconf 91' lang='lat' dir='ltr'>pri·</span> 
     </span>
     <span class='ocr_line' id='line_1_4' title="bbox 103 593 1050 665; baseline 0 -13"><span class='ocrx_word' id='word_1_22' title='bbox 103 596 212 653; x_wconf 87' lang='lat' dir='ltr'>mariae</span> <span class='ocrx_word' id='word_1_23' title='bbox 236 595 339 653; x_wconf 87' lang='lat' dir='ltr'>merito</span> <span class='ocrx_word' id='word_1_24' title='bbox 364 593 517 665; x_wconf 89' lang='lat' dir='ltr'>hahentur,</span> <span class='ocrx_word' id='word_1_25' title='bbox 555 611 611 653; x_wconf 91' lang='lat' dir='ltr'>non</span> <span class='ocrx_word' id='word_1_26' title='bbox 634 611 701 654; x_wconf 88' lang='lat' dir='ltr'>raro</span> <span class='ocrx_word' id='word_1_27' title='bbox 725 595 829 653; x_wconf 88' lang='lat' dir='ltr'>mutari</span> <span class='ocrx_word' id='word_1_28' title='bbox 854 611 971 653; x_wconf 90' lang='lat' dir='ltr'>necesse</span> <span class='ocrx_word' id='word_1_29' title='bbox 997 600 1050 652; x_wconf 86' lang='lat' dir='ltr'>est</span> 
     </span>
    </p>

    <p class='ocr_par' dir='ltr' id='par_1_3' title="bbox 64 671 1090 1201">
     <span class='ocr_line' id='line_1_5' title="bbox 163 671 1089 743; baseline -0.001 -13"><span class='ocrx_word' id='word_1_30' title='bbox 163 671 237 730; x_wconf 87' lang='lat' dir='ltr'>Nam</span> <span class='ocrx_word' id='word_1_31' title='bbox 248 686 334 741; x_wconf 87' lang='lat' dir='ltr'>quum</span> <span class='ocrx_word' id='word_1_32' title='bbox 345 671 420 728; x_wconf 91' lang='lat' dir='ltr'>hunc</span> <span class='ocrx_word' id='word_1_33' title='bbox 429 676 544 743; x_wconf 85' lang='lat' dir='ltr'>poetam</span> <span class='ocrx_word' id='word_1_34' title='bbox 554 672 631 729; x_wconf 91' lang='lat' dir='ltr'>nullo</span> <span class='ocrx_word' id='word_1_35' title='bbox 640 671 725 729; x_wconf 92' lang='lat' dir='ltr'>modo</span> <span class='ocrx_word' id='word_1_36' title='bbox 735 672 822 729; x_wconf 88' lang='lat' dir='ltr'>talem</span> <span class='ocrx_word' id='word_1_37' title='bbox 831 672 984 729; x_wconf 90' lang='lat' dir='ltr'>restituere</span> <span class='ocrx_word' id='word_1_38' title='bbox 994 672 1089 742; x_wconf 86' lang='lat' dir='ltr'>liceat,</span> 
     </span>
     <span class='ocr_line' id='line_1_6' title="bbox 103 744 1090 819; baseline -0.001 -14"><span class='ocrx_word' id='word_1_39' title='bbox 103 749 196 819; x_wconf 89' lang='lat' dir='ltr'>qualis</span> <span class='ocrx_word' id='word_1_40' title='bbox 216 747 252 805; x_wconf 91' lang='lat' dir='ltr'>ab</span> <span class='ocrx_word' id='word_1_41' title='bbox 273 747 354 805; x_wconf 91' lang='lat' dir='ltr'>initio</span> <span class='ocrx_word' id='word_1_42' title='bbox 374 744 436 818; x_wconf 80' lang='lat' dir='ltr'>luit,</span> <span class='ocrx_word' id='word_1_43' title='bbox 456 748 578 819; x_wconf 92' lang='lat' dir='ltr'>primum</span> <span class='ocrx_word' id='word_1_44' title='bbox 597 747 707 818; x_wconf 90' lang='lat' dir='ltr'>aliquid</span> <span class='ocrx_word' id='word_1_45' title='bbox 726 748 872 806; x_wconf 82' lang='lat' dir='ltr'>remittere</span> <span class='ocrx_word' id='word_1_46' title='bbox 893 747 930 805; x_wconf 92' lang='lat' dir='ltr'>de</span> <span class='ocrx_word' id='word_1_47' title='bbox 948 748 1090 805; x_wconf 80' lang='grc'><strong>11111111-</strong></span> 
     </span>
     <span class='ocr_line' id='line_1_7' title="bbox 64 821 1089 895; baseline -0.001 -13"><span class='ocrx_word' id='word_1_48' title='bbox 64 857 67 860; x_wconf 63' lang='grc'><em>»</em></span> <span class='ocrx_word' id='word_1_49' title='bbox 101 825 204 895; x_wconf 82' lang='lat' dir='ltr'>ritate,</span> <span class='ocrx_word' id='word_1_50' title='bbox 234 839 291 894; x_wconf 87' lang='lat' dir='ltr'>qua</span> <span class='ocrx_word' id='word_1_51' title='bbox 321 823 392 881; x_wconf 86' lang='lat' dir='ltr'>alias</span> <span class='ocrx_word' id='word_1_52' title='bbox 419 823 502 895; x_wconf 83' lang='lat' dir='ltr'>nihil,</span> <span class='ocrx_word' id='word_1_53' title='bbox 533 824 589 881; x_wconf 88' lang='lat' dir='ltr'>nisi</span> <span class='ocrx_word' id='word_1_54' title='bbox 613 823 689 894; x_wconf 91' lang='lat' dir='ltr'>quod</span> <span class='ocrx_word' id='word_1_55' title='bbox 713 821 871 895; x_wconf 88' lang='lat' dir='ltr'>profectum</span> <span class='ocrx_word' id='word_1_56' title='bbox 896 825 935 882; x_wconf 90' lang='lat' dir='ltr'>sit</span> <span class='ocrx_word' id='word_1_57' title='bbox 954 823 990 882; x_wconf 89' lang='lat' dir='ltr'>ab</span> <span class='ocrx_word' id='word_1_58' title='bbox 1009 825 1089 895; x_wconf 74' lang='lat' dir='ltr'>ipsis</span> 
     </span>
     <span class='ocr_line' id='line_1_8' title="bbox 101 897 1089 972; baseline -0.002 -14"><span class='ocrx_word' id='word_1_59' title='bbox 101 900 173 958; x_wconf 88' lang='lat' dir='ltr'>dare</span> <span class='ocrx_word' id='word_1_60' title='bbox 193 901 334 972; x_wconf 89' lang='lat' dir='ltr'>volumus,</span> <span class='ocrx_word' id='word_1_61' title='bbox 365 900 491 959; x_wconf 82' lang='lat' dir='ltr'>contenti</span> <span class='ocrx_word' id='word_1_62' title='bbox 516 916 579 957; x_wconf 90' lang='lat' dir='ltr'>esse</span> <span class='ocrx_word' id='word_1_63' title='bbox 599 899 749 971; x_wconf 74' lang='lat' dir='ltr'>debemuS,</span> <span class='ocrx_word' id='word_1_64' title='bbox 768 901 794 957; x_wconf 91' lang='lat' dir='ltr'>si</span> <span class='ocrx_word' id='word_1_65' title='bbox 814 916 875 957; x_wconf 89' lang='lat' dir='ltr'>eam</span> <span class='ocrx_word' id='word_1_66' title='bbox 896 897 1014 958; x_wconf 87' lang='lat' dir='ltr'>formam</span> <span class='ocrx_word' id='word_1_67' title='bbox 1034 901 1089 972; x_wconf 91' lang='lat' dir='ltr'>ipsi</span> 
     </span>
     <span class='ocr_line' id='line_1_9' title="bbox 104 975 1089 1048; baseline -0.003 -15"><span class='ocrx_word' id='word_1_68' title='bbox 104 976 226 1034; x_wconf 91' lang='lat' dir='ltr'>reddere</span> <span class='ocrx_word' id='word_1_69' title='bbox 251 976 363 1048; x_wconf 86' lang='lat' dir='ltr'>licebit,</span> <span class='ocrx_word' id='word_1_70' title='bbox 388 992 474 1048; x_wconf 86' lang='lat' dir='ltr'>quam</span> <span class='ocrx_word' id='word_1_71' title='bbox 499 975 613 1034; x_wconf 90' lang='lat' dir='ltr'>erudita</span> <span class='ocrx_word' id='word_1_72' title='bbox 633 976 788 1046; x_wconf 83' lang='lat' dir='ltr'>antiquitas</span> <span class='ocrx_word' id='word_1_73' title='bbox 808 977 929 1033; x_wconf 87' lang='lat' dir='ltr'>maxime</span> <span class='ocrx_word' id='word_1_74' title='bbox 948 976 1089 1048; x_wconf 86' lang='lat' dir='ltr'>probavit.</span> 
     </span>
     <span class='ocr_line' id='line_1_10' title="bbox 104 1052 1090 1124; baseline -0.002 -13"><span class='ocrx_word' id='word_1_75' title='bbox 104 1053 225 1124; x_wconf 89' lang='lat' dir='ltr'>[Omitto</span> <span class='ocrx_word' id='word_1_76' title='bbox 246 1052 342 1110; x_wconf 87' lang='lat' dir='ltr'>dicere</span> <span class='ocrx_word' id='word_1_77' title='bbox 363 1053 399 1110; x_wconf 91' lang='lat' dir='ltr'>de</span> <span class='ocrx_word' id='word_1_78' title='bbox 420 1052 584 1124; x_wconf 69' lang='lat' dir='ltr'>accuratol)</span> <span class='ocrx_word' id='word_1_79' title='bbox 604 1069 658 1110; x_wconf 90' lang='lat' dir='ltr'>usu</span> <span class='ocrx_word' id='word_1_80' title='bbox 678 1052 878 1120; x_wconf 83' lang='lat' dir='ltr'>subsidiorum,</span> <span class='ocrx_word' id='word_1_81' title='bbox 898 1059 928 1111; x_wconf 89' lang='lat' dir='ltr'>et</span> <span class='ocrx_word' id='word_1_82' title='bbox 947 1052 983 1110; x_wconf 90' lang='lat' dir='ltr'>de</span> <span class='ocrx_word' id='word_1_83' title='bbox 998 1069 1090 1123; x_wconf 84' lang='lat' dir='ltr'>gram-</span> 
     </span>
     <span class='ocr_line' id='line_1_11' title="bbox 102 1129 900 1201; baseline -0.003 -15"><span class='ocrx_word' id='word_1_84' title='bbox 102 1130 214 1188; x_wconf 87' lang='lat' dir='ltr'>maticis</span> <span class='ocrx_word' id='word_1_85' title='bbox 235 1129 347 1201; x_wconf 80' lang='lat' dir='ltr'>legibus</span> <span class='ocrx_word' id='word_1_86' title='bbox 366 1130 514 1201; x_wconf 91' lang='lat' dir='ltr'>universis,</span> <span class='ocrx_word' id='word_1_87' title='bbox 534 1129 637 1200; x_wconf 88' lang='lat' dir='ltr'>quibus</span> <span class='ocrx_word' id='word_1_88' title='bbox 657 1129 758 1186; x_wconf 89' lang='lat' dir='ltr'>critica</span> <span class='ocrx_word' id='word_1_89' title='bbox 776 1129 900 1200; x_wconf 75' lang='lat' dir='ltr'>nititur]</span> 
     </span>
    </p>

    <p class='ocr_par' dir='ltr' id='par_1_4' title="bbox 98 1205 1091 1891">
     <span class='ocr_line' id='line_1_12' title="bbox 179 1205 1090 1277; baseline -0.004 -13"><span class='ocrx_word' id='word_1_90' title='bbox 179 1205 310 1277; x_wconf 81' lang='lat' dir='ltr'>Codices,</span> <span class='ocrx_word' id='word_1_91' title='bbox 331 1221 451 1276; x_wconf 88' lang='lat' dir='ltr'>quorum</span> <span class='ocrx_word' id='word_1_92' title='bbox 471 1222 539 1263; x_wconf 85' lang='lat' dir='ltr'>usus</span> <span class='ocrx_word' id='word_1_93' title='bbox 553 1206 635 1264; x_wconf 92' lang='lat' dir='ltr'>nobis</span> <span class='ocrx_word' id='word_1_94' title='bbox 648 1222 722 1263; x_wconf 90' lang='lat' dir='ltr'>nnnc</span> <span class='ocrx_word' id='word_1_95' title='bbox 737 1205 775 1263; x_wconf 89' lang='lat' dir='ltr'>ad</span> <span class='ocrx_word' id='word_1_96' title='bbox 787 1205 906 1262; x_wconf 85' lang='lat' dir='ltr'>Iliadem</span> <span class='ocrx_word' id='word_1_97' title='bbox 917 1205 1090 1262; x_wconf 89' lang='lat' dir='ltr'>constituen-</span> 
     </span>
     <span class='ocr_line' id='line_1_13' title="bbox 101 1281 1090 1354; baseline -0.002 -14"><span class='ocrx_word' id='word_1_98' title='bbox 101 1281 167 1340; x_wconf 86' lang='lat' dir='ltr'>dam</span> <span class='ocrx_word' id='word_1_99' title='bbox 193 1281 304 1354; x_wconf 80' lang='lat' dir='ltr'>patet⁸)</span> <span class='ocrx_word' id='word_1_100' title='bbox 331 1288 388 1353; x_wconf 89' lang='lat' dir='ltr'>est,</span> <span class='ocrx_word' id='word_1_101' title='bbox 414 1282 445 1338; x_wconf 91' lang='lat' dir='ltr'>hi</span> <span class='ocrx_word' id='word_1_102' title='bbox 467 1287 540 1339; x_wconf 91' lang='lat' dir='ltr'>sunt.</span> <span class='ocrx_word' id='word_1_103' title='bbox 582 1283 689 1341; x_wconf 89' lang='lat' dir='ltr'>Omitto</span> <span class='ocrx_word' id='word_1_104' title='bbox 715 1298 763 1340; x_wconf 88' lang='lat' dir='ltr'>eos</span> <span class='ocrx_word' id='word_1_105' title='bbox 790 1282 839 1352; x_wconf 89' lang='lat' dir='ltr'>qui</span> <span class='ocrx_word' id='word_1_106' title='bbox 863 1282 893 1338; x_wconf 94' lang='lat' dir='ltr'>in</span> <span class='ocrx_word' id='word_1_107' title='bbox 920 1281 1040 1339; x_wconf 85' lang='lat' dir='ltr'>Scholiis</span> <span class='ocrx_word' id='word_1_108' title='bbox 1061 1286 1090 1338; x_wconf 88' lang='lat' dir='ltr'>et</span> 
     </span>
     <span class='ocr_line' id='line_1_14' title="bbox 98 1358 1091 1429; baseline -0.002 -14"><span class='ocrx_word' id='word_1_109' title='bbox 98 1358 212 1429; x_wconf 68' lang='lat' dir='ltr'>Eustl)</span> <span class='ocrx_word' id='word_1_110' title='bbox 236 1359 266 1415; x_wconf 88' lang='lat' dir='ltr'>in</span> <span class='ocrx_word' id='word_1_111' title='bbox 291 1358 386 1429; x_wconf 88' lang='lat' dir='ltr'>Etym.</span> <span class='ocrx_word' id='word_1_112' title='bbox 406 1358 447 1415; x_wconf 93' lang='grc' dir='ltr'>Μ.</span> <span class='ocrx_word' id='word_1_113' title='bbox 468 1359 588 1428; x_wconf 86' lang='lat' dir='ltr'>ahisque</span> <span class='ocrx_word' id='word_1_114' title='bbox 609 1358 809 1417; x_wconf 84' lang='lat' dir='ltr'>Grammaticis</span> <span class='ocrx_word' id='word_1_115' title='bbox 828 1364 1021 1415; x_wconf 89' lang='lat' dir='ltr'>memorantur</span> <span class='ocrx_word' id='word_1_116' title='bbox 1040 1361 1091 1414; x_wconf 92' lang='lat' dir='ltr'>aut</span> 
     </span>
     <span class='ocr_line' id='line_1_15' title="bbox 99 1432 1091 1492; baseline -0.002 0"><span class='ocrx_word' id='word_1_117' title='bbox 99 1435 254 1492; x_wconf 91' lang='lat' dir='ltr'>lectionum</span> <span class='ocrx_word' id='word_1_118' title='bbox 280 1434 315 1491; x_wconf 93' lang='lat' dir='ltr'>ab</span> <span class='ocrx_word' id='word_1_119' title='bbox 341 1433 397 1490; x_wconf 92' lang='lat' dir='ltr'>illis</span> <span class='ocrx_word' id='word_1_120' title='bbox 422 1433 593 1491; x_wconf 87' lang='lat' dir='ltr'>traditarum</span> <span class='ocrx_word' id='word_1_121' title='bbox 622 1435 689 1492; x_wconf 93' lang='lat' dir='ltr'>olim</span> <span class='ocrx_word' id='word_1_122' title='bbox 718 1441 849 1492; x_wconf 88' lang='lat' dir='ltr'>auctores</span> <span class='ocrx_word' id='word_1_123' title='bbox 876 1432 999 1492; x_wconf 86' lang='lat' dir='ltr'>fuerunt.</span> <span class='ocrx_word' id='word_1_124' title='bbox 1044 1432 1091 1490; x_wconf 88' lang='lat' dir='ltr'>Ita</span> 
     </span>
     <span class='ocr_line' id='line_1_16' title="bbox 100 1509 1090 1581; baseline -0.001 -13"><span class='ocrx_word' id='word_1_125' title='bbox 100 1513 175 1568; x_wconf 87' lang='lat' dir='ltr'>enim</span> <span class='ocrx_word' id='word_1_126' title='bbox 205 1511 250 1568; x_wconf 87' lang='lat' dir='ltr'>vel</span> <span class='ocrx_word' id='word_1_127' title='bbox 278 1509 442 1581; x_wconf 86' lang='lat' dir='ltr'>Sinopicus,</span> <span class='ocrx_word' id='word_1_128' title='bbox 479 1509 603 1580; x_wconf 81' lang='lat' dir='ltr'>Argivus</span> <span class='ocrx_word' id='word_1_129' title='bbox 635 1517 664 1568; x_wconf 88' lang='lat' dir='ltr'>et</span> <span class='ocrx_word' id='word_1_130' title='bbox 693 1518 852 1568; x_wconf 87' lang='lat' dir='ltr'>ceterarum</span> <span class='ocrx_word' id='word_1_131' title='bbox 882 1512 1029 1568; x_wconf 88' lang='lat' dir='ltr'>civitatum</span> <span class='ocrx_word' id='word_1_132' title='bbox 1060 1515 1090 1567; x_wconf 89' lang='lat' dir='ltr'>et</span> 
     </span>
     <span class='ocr_line' id='line_1_17' title="bbox 102 1585 1089 1658; baseline -0.005 -13"><span class='ocrx_word' id='word_1_133' title='bbox 102 1603 200 1645; x_wconf 89' lang='lat' dir='ltr'>omnes</span> <span class='ocrx_word' id='word_1_134' title='bbox 224 1601 318 1658; x_wconf 89' lang='lat' dir='ltr'>paene</span> <span class='ocrx_word' id='word_1_135' title='bbox 345 1585 600 1644; x_wconf 84' lang='lat' dir='ltr'>Grammaticorum</span> <span class='ocrx_word' id='word_1_136' title='bbox 625 1587 805 1646; x_wconf 91' lang='lat' dir='ltr'>recensiones</span> <span class='ocrx_word' id='word_1_137' title='bbox 821 1587 852 1643; x_wconf 92' lang='lat' dir='ltr'>in</span> <span class='ocrx_word' id='word_1_138' title='bbox 871 1586 999 1645; x_wconf 91' lang='lat' dir='ltr'>ordinem</span> <span class='ocrx_word' id='word_1_139' title='bbox 1018 1585 1089 1642; x_wconf 89' lang='lat' dir='ltr'>reci·</span> 
     </span>
     <span class='ocr_line' id='line_1_18' title="bbox 101 1661 1089 1735; baseline -0.001 -16"><span class='ocrx_word' id='word_1_140' title='bbox 101 1663 200 1735; x_wconf 92' lang='lat' dir='ltr'>piendi</span> <span class='ocrx_word' id='word_1_141' title='bbox 227 1667 340 1731; x_wconf 85' lang='lat' dir='ltr'>essent3</span> <span class='ocrx_word' id='word_1_142' title='bbox 374 1661 501 1720; x_wconf 86' lang='lat' dir='ltr'>Venetus</span> <span class='ocrx_word' id='word_1_143' title='bbox 529 1661 596 1720; x_wconf 84' lang='lat' dir='ltr'>Cod.</span> <span class='ocrx_word' id='word_1_144' title='bbox 618 1668 698 1734; x_wconf 71' lang='grc'><strong>451,</strong></span> <span class='ocrx_word' id='word_1_145' title='bbox 722 1663 880 1735; x_wconf 89' lang='lat' dir='ltr'>Lipsiensis</span> <span class='ocrx_word' id='word_1_146' title='bbox 901 1668 931 1720; x_wconf 89' lang='lat' dir='ltr'>et</span> <span class='ocrx_word' id='word_1_147' title='bbox 950 1661 1089 1720; x_wconf 86' lang='lat' dir='ltr'>Vratisla·</span> 
     </span>
     <span class='ocr_line' id='line_1_19' title="bbox 99 1737 1088 1812; baseline -0.002 -15"><span class='ocrx_word' id='word_1_148' title='bbox 99 1739 205 1797; x_wconf 89' lang='lat' dir='ltr'>viensis</span> <span class='ocrx_word' id='word_1_149' title='bbox 226 1739 262 1796; x_wconf 89' lang='lat' dir='ltr'>ab</span> <span class='ocrx_word' id='word_1_150' title='bbox 276 1739 412 1797; x_wconf 87' lang='lat' dir='ltr'>Emestio</span> <span class='ocrx_word' id='word_1_151' title='bbox 426 1737 496 1796; x_wconf 92' lang='lat' dir='ltr'>satis</span> <span class='ocrx_word' id='word_1_152' title='bbox 510 1737 665 1810; x_wconf 76' lang='lat' dir='ltr'>diligenter</span> <span class='ocrx_word' id='word_1_153' title='bbox 678 1739 815 1812; x_wconf 85' lang='lat' dir='ltr'>excerpti,</span> <span class='ocrx_word' id='word_1_154' title='bbox 834 1739 1005 1797; x_wconf 85' lang='lat' dir='ltr'>Barnesiani</span> <span class='ocrx_word' id='word_1_155' title='bbox 1019 1744 1088 1810; x_wconf 87' lang='lat' dir='ltr'>tres,</span> 
     </span>
     <span class='ocr_line' id='line_1_20' title="bbox 99 1814 896 1891; baseline -0.003 -19"><span class='ocrx_word' id='word_1_156' title='bbox 99 1815 239 1873; x_wconf 85' lang='lat' dir='ltr'>Alteriani</span> <span class='ocrx_word' id='word_1_157' title='bbox 259 1816 396 1887; x_wconf 88' lang='lat' dir='ltr'>quinque,</span> <span class='ocrx_word' id='word_1_158' title='bbox 421 1814 572 1887; x_wconf 88' lang='lat' dir='ltr'>inquibus</span> <span class='ocrx_word' id='word_1_159' title='bbox 593 1816 717 1873; x_wconf 89' lang='lat' dir='ltr'>eminent</span> <span class='ocrx_word' id='word_1_160' title='bbox 733 1835 762 1891; x_wconf 85' lang='grc' dir='ltr'>ρ,</span> <span class='ocrx_word' id='word_1_161' title='bbox 783 1821 813 1873; x_wconf 85' lang='grc'>11</span> <span class='ocrx_word' id='word_1_162' title='bbox 834 1817 896 1875; x_wconf 78' lang='grc'><strong>117.</strong></span> 
     </span>
    </p>

    <p class='ocr_par' dir='ltr' id='par_1_5' title="bbox 101 1890 1088 2040">
     <span class='ocr_line' id='line_1_21' title="bbox 175 1890 1088 1964; baseline 0 -15"><span class='ocrx_word' id='word_1_163' title='bbox 175 1891 235 1949; x_wconf 87' lang='lat' dir='ltr'>Alii</span> <span class='ocrx_word' id='word_1_164' title='bbox 255 1891 374 1950; x_wconf 84' lang='lat' dir='ltr'>Codices</span> <span class='ocrx_word' id='word_1_165' title='bbox 393 1891 469 1950; x_wconf 91' lang='lat' dir='ltr'>unde</span> <span class='ocrx_word' id='word_1_166' title='bbox 489 1892 543 1948; x_wconf 87' lang='lat' dir='ltr'>viri</span> <span class='ocrx_word' id='word_1_167' title='bbox 563 1891 720 1950; x_wconf 83' lang='lat' dir='ltr'>doctissimi</span> <span class='ocrx_word' id='word_1_168' title='bbox 733 1897 845 1950; x_wconf 89' lang='lat' dir='ltr'>tantum</span> <span class='ocrx_word' id='word_1_169' title='bbox 858 1908 912 1964; x_wconf 92' lang='lat' dir='ltr'>per</span> <span class='ocrx_word' id='word_1_170' title='bbox 925 1890 1088 1950; x_wconf 86' lang='lat' dir='ltr'>occasiones</span> 
     </span>
     <span class='ocr_line' id='line_1_22' title="bbox 101 1967 957 2040; baseline -0.001 -15"><span class='ocrx_word' id='word_1_171' title='bbox 101 1967 223 2025; x_wconf 83' lang='lat' dir='ltr'>affenmt</span> <span class='ocrx_word' id='word_1_172' title='bbox 242 1969 421 2040; x_wconf 87' lang='lat' dir='ltr'>scripturam,</span> <span class='ocrx_word' id='word_1_173' title='bbox 441 1973 474 2026; x_wconf 90' lang='lat' dir='ltr'>ut</span> <span class='ocrx_word' id='word_1_174' title='bbox 492 1967 617 2026; x_wconf 87' lang='lat' dir='ltr'>Parisini</span> <span class='ocrx_word' id='word_1_175' title='bbox 636 1969 694 2026; x_wconf 89' lang='lat' dir='ltr'>alii.</span> <span class='ocrx_word' id='word_1_176' title='bbox 955 2022 957 2024; x_wconf 77' lang='grc'>,</span> 
     </span>
    </p>

    <p class='ocr_par' dir='ltr' id='par_1_6' title="bbox 100 2043 1090 2268">
     <span class='ocr_line' id='line_1_23' title="bbox 177 2043 1090 2116; baseline 0 -14"><span class='ocrx_word' id='word_1_177' title='bbox 177 2044 243 2102; x_wconf 86' lang='lat' dir='ltr'>Non</span> <span class='ocrx_word' id='word_1_178' title='bbox 263 2060 316 2116; x_wconf 92' lang='lat' dir='ltr'>per</span> <span class='ocrx_word' id='word_1_179' title='bbox 335 2050 426 2106; x_wconf 85' lang='lat' dir='ltr'>totum</span> <span class='ocrx_word' id='word_1_180' title='bbox 445 2061 517 2116; x_wconf 90' lang='lat' dir='ltr'>opus</span> <span class='ocrx_word' id='word_1_181' title='bbox 538 2045 650 2102; x_wconf 88' lang='lat' dir='ltr'>excussi</span> <span class='ocrx_word' id='word_1_182' title='bbox 662 2043 836 2114; x_wconf 88' lang='lat' dir='ltr'>Harlejanus</span> <span class='ocrx_word' id='word_1_183' title='bbox 855 2050 885 2102; x_wconf 88' lang='lat' dir='ltr'>et</span> <span class='ocrx_word' id='word_1_184' title='bbox 896 2045 991 2102; x_wconf 91' lang='lat' dir='ltr'>Italici</span> <span class='ocrx_word' id='word_1_185' title='bbox 1002 2043 1090 2102; x_wconf 93' lang='lat' dir='ltr'>Bent-</span> 
     </span>
     <span class='ocr_line' id='line_1_24' title="bbox 100 2119 1090 2192; baseline 0 -14"><span class='ocrx_word' id='word_1_186' title='bbox 100 2119 190 2190; x_wconf 88' lang='lat' dir='ltr'>lejaui</span> <span class='ocrx_word' id='word_1_187' title='bbox 211 2119 420 2192; x_wconf 86' lang='lat' dir='ltr'>Stephanianus</span> <span class='ocrx_word' id='word_1_188' title='bbox 440 2121 522 2192; x_wconf 71' lang='lat' dir='ltr'>cnjus</span> <span class='ocrx_word' id='word_1_189' title='bbox 541 2121 649 2178; x_wconf 88' lang='lat' dir='ltr'>variam</span> <span class='ocrx_word' id='word_1_190' title='bbox 674 2120 846 2192; x_wconf 88' lang='lat' dir='ltr'>scripturam</span> <span class='ocrx_word' id='word_1_191' title='bbox 866 2125 895 2178; x_wconf 89' lang='lat' dir='ltr'>et</span> <span class='ocrx_word' id='word_1_192' title='bbox 913 2121 943 2178; x_wconf 91' lang='lat' dir='ltr'>in</span> <span class='ocrx_word' id='word_1_193' title='bbox 963 2120 1090 2179; x_wconf 89' lang='lat' dir='ltr'>editione</span> 
     </span>
     <span class='ocr_line' id='line_1_25' title="bbox 101 2195 706 2268; baseline -0.003 -14"><span class='ocrx_word' id='word_1_194' title='bbox 101 2213 153 2255; x_wconf 89' lang='lat' dir='ltr'>sua</span> <span class='ocrx_word' id='word_1_195' title='bbox 173 2201 204 2253; x_wconf 88' lang='lat' dir='ltr'>et</span> <span class='ocrx_word' id='word_1_196' title='bbox 222 2197 252 2253; x_wconf 91' lang='lat' dir='ltr'>iu</span> <span class='ocrx_word' id='word_1_197' title='bbox 271 2196 418 2254; x_wconf 87' lang='lat' dir='ltr'>Thesauro</span> <span class='ocrx_word' id='word_1_198' title='bbox 437 2195 471 2253; x_wconf 92' lang='lat' dir='ltr'>L.</span> <span class='ocrx_word' id='word_1_199' title='bbox 492 2195 542 2254; x_wconf 89' lang='lat' dir='ltr'>Gr.</span> <span class='ocrx_word' id='word_1_200' title='bbox 562 2195 706 2268; x_wconf 84' lang='lat' dir='ltr'>dispersit</span> 
     </span>
    </p>

    <p class='ocr_par' dir='ltr' id='par_1_7' title="bbox 99 2271 1091 3109">
     <span class='ocr_line' id='line_1_26' title="bbox 188 2271 1089 2346; baseline -0.001 -15"><span class='ocrx_word' id='word_1_201' title='bbox 188 2271 308 2331; x_wconf 88' lang='lat' dir='ltr'>Codices</span> <span class='ocrx_word' id='word_1_202' title='bbox 335 2272 476 2330; x_wconf 88' lang='lat' dir='ltr'>editorum</span> <span class='ocrx_word' id='word_1_203' title='bbox 504 2277 634 2330; x_wconf 83' lang='lat' dir='ltr'>ueterum</span> <span class='ocrx_word' id='word_1_204' title='bbox 661 2271 729 2330; x_wconf 88' lang='lat' dir='ltr'>inde</span> <span class='ocrx_word' id='word_1_205' title='bbox 754 2289 772 2330; x_wconf 87' lang='lat' dir='ltr'>a</span> <span class='ocrx_word' id='word_1_206' title='bbox 796 2271 1001 2346; x_wconf 84' lang='lat' dir='ltr'>Chaleondyle3</span> <span class='ocrx_word' id='word_1_207' title='bbox 1042 2274 1089 2344; x_wconf 91' lang='lat' dir='ltr'>qui</span> 
     </span>
     <span class='ocr_line' id='line_1_27' title="bbox 101 2347 1090 2421; baseline 0 -15"><span class='ocrx_word' id='word_1_208' title='bbox 101 2364 187 2420; x_wconf 87' lang='lat' dir='ltr'>quum</span> <span class='ocrx_word' id='word_1_209' title='bbox 204 2365 258 2421; x_wconf 91' lang='lat' dir='ltr'>pro</span> <span class='ocrx_word' id='word_1_210' title='bbox 278 2349 386 2407; x_wconf 87' lang='lat' dir='ltr'>saeculi</span> <span class='ocrx_word' id='word_1_211' title='bbox 405 2364 484 2407; x_wconf 91' lang='lat' dir='ltr'>more</span> <span class='ocrx_word' id='word_1_212' title='bbox 502 2364 560 2406; x_wconf 92' lang='lat' dir='ltr'>non</span> <span class='ocrx_word' id='word_1_213' title='bbox 578 2353 737 2406; x_wconf 88' lang='lat' dir='ltr'>memorant</span> <span class='ocrx_word' id='word_1_214' title='bbox 756 2347 825 2419; x_wconf 87' lang='lat' dir='ltr'>quid</span> <span class='ocrx_word' id='word_1_215' title='bbox 845 2349 1000 2408; x_wconf 88' lang='lat' dir='ltr'>tollendum</span> <span class='ocrx_word' id='word_1_216' title='bbox 1020 2349 1090 2421; x_wconf 88' lang='lat' dir='ltr'>quid</span> 
     </span>
     <span class='ocr_line' id='line_1_28' title="bbox 100 2424 1089 2499; baseline 0 -16"><span class='ocrx_word' id='word_1_217' title='bbox 100 2425 296 2499; x_wconf 89' lang='lat' dir='ltr'>recipiendum</span> <span class='ocrx_word' id='word_1_218' title='bbox 320 2425 466 2498; x_wconf 87' lang='lat' dir='ltr'>putarint,</span> <span class='ocrx_word' id='word_1_219' title='bbox 490 2441 557 2483; x_wconf 90' lang='lat' dir='ltr'>raro</span> <span class='ocrx_word' id='word_1_220' title='bbox 583 2424 762 2496; x_wconf 89' lang='lat' dir='ltr'>pronuntiari</span> <span class='ocrx_word' id='word_1_221' title='bbox 786 2430 866 2484; x_wconf 90' lang='lat' dir='ltr'>certo</span> <span class='ocrx_word' id='word_1_222' title='bbox 890 2431 988 2499; x_wconf 87' lang='lat' dir='ltr'>potest</span> <span class='ocrx_word' id='word_1_223' title='bbox 1016 2441 1089 2497; x_wconf 86' lang='lat' dir='ltr'>quae</span> 
     </span>
     <span class='ocr_line' id='line_1_29' title="bbox 99 2501 1091 2574; baseline 0 -16"><span class='ocrx_word' id='word_1_224' title='bbox 99 2501 141 2559; x_wconf 91' lang='lat' dir='ltr'>ibi</span> <span class='ocrx_word' id='word_1_225' title='bbox 161 2502 299 2561; x_wconf 90' lang='lat' dir='ltr'>lectiones</span> <span class='ocrx_word' id='word_1_226' title='bbox 319 2501 545 2574; x_wconf 84' lang='lat' dir='ltr'>comparuerint3</span> <span class='ocrx_word' id='word_1_227' title='bbox 564 2501 769 2560; x_wconf 85' lang='lat' dir='ltr'>tamtummodo</span> <span class='ocrx_word' id='word_1_228' title='bbox 789 2501 961 2573; x_wconf 76' lang='lat' dir='ltr'>conjecturis</span> <span class='ocrx_word' id='word_1_229' title='bbox 975 2502 1091 2573; x_wconf 84' lang='lat' dir='ltr'>assequi</span> 
     </span>
     <span class='ocr_line' id='line_1_30' title="bbox 99 2576 1090 2653; baseline 0.001 -17"><span class='ocrx_word' id='word_1_230' title='bbox 99 2578 170 2636; x_wconf 89' lang='lat' dir='ltr'>licet</span> <span class='ocrx_word' id='word_1_231' title='bbox 189 2594 282 2650; x_wconf 88' lang='lat' dir='ltr'>neque</span> <span class='ocrx_word' id='word_1_232' title='bbox 302 2577 431 2637; x_wconf 91' lang='lat' dir='ltr'>omnibus</span> <span class='ocrx_word' id='word_1_233' title='bbox 451 2579 481 2635; x_wconf 94' lang='lat' dir='ltr'>in</span> <span class='ocrx_word' id='word_1_234' title='bbox 499 2578 579 2636; x_wconf 88' lang='lat' dir='ltr'>locis.</span> <span class='ocrx_word' id='word_1_235' title='bbox 614 2576 725 2637; x_wconf 79' lang='lat' dir='ltr'>Cestius</span> <span class='ocrx_word' id='word_1_236' title='bbox 746 2577 866 2637; x_wconf 86' lang='lat' dir='ltr'>dixerim</span> <span class='ocrx_word' id='word_1_237' title='bbox 878 2579 1008 2653; x_wconf 91' lang='lat' dir='ltr'>pluribus</span> <span class='ocrx_word' id='word_1_238' title='bbox 1021 2579 1090 2637; x_wconf 89' lang='lat' dir='ltr'>isto-</span> 
     </span>
     <span class='ocr_line' id='line_1_31' title="bbox 100 2651 1090 2714; baseline 0.002 -3"><span class='ocrx_word' id='word_1_239' title='bbox 100 2669 165 2712; x_wconf 91' lang='lat' dir='ltr'>rum</span> <span class='ocrx_word' id='word_1_240' title='bbox 186 2654 327 2714; x_wconf 90' lang='lat' dir='ltr'>editorum</span> <span class='ocrx_word' id='word_1_241' title='bbox 352 2655 526 2714; x_wconf 77' lang='grc'><strong>1110011115.</strong></span> <span class='ocrx_word' id='word_1_242' title='bbox 547 2660 576 2712; x_wconf 87' lang='lat' dir='ltr'>et</span> <span class='ocrx_word' id='word_1_243' title='bbox 597 2661 641 2714; x_wconf 86' lang='grc'>16.</span> <span class='ocrx_word' id='word_1_244' title='bbox 667 2654 779 2714; x_wconf 85' lang='lat' dir='ltr'>codices</span> <span class='ocrx_word' id='word_1_245' title='bbox 800 2654 837 2713; x_wconf 89' lang='lat' dir='ltr'>ad</span> <span class='ocrx_word' id='word_1_246' title='bbox 861 2672 976 2714; x_wconf 87' lang='lat' dir='ltr'>manum</span> <span class='ocrx_word' id='word_1_247' title='bbox 1001 2651 1090 2713; x_wconf 88' lang='lat' dir='ltr'>fuisse</span> 
     </span>
     <span class='ocr_line' id='line_1_32' title="bbox 101 2730 1090 2804; baseline 0 -15"><span class='ocrx_word' id='word_1_248' title='bbox 101 2746 187 2802; x_wconf 85' lang='lat' dir='ltr'>quam</span> <span class='ocrx_word' id='word_1_249' title='bbox 206 2731 357 2790; x_wconf 85' lang='lat' dir='ltr'>Emestius</span> <span class='ocrx_word' id='word_1_250' title='bbox 376 2730 506 2804; x_wconf 90' lang='lat' dir='ltr'>putabat.</span> <span class='ocrx_word' id='word_1_251' title='bbox 545 2730 579 2788; x_wconf 94' lang='lat' dir='ltr'>Id</span> <span class='ocrx_word' id='word_1_252' title='bbox 598 2731 728 2789; x_wconf 88' lang='lat' dir='ltr'>intellexi</span> <span class='ocrx_word' id='word_1_253' title='bbox 747 2747 783 2790; x_wconf 91' lang='lat' dir='ltr'>ex</span> <span class='ocrx_word' id='word_1_254' title='bbox 803 2747 901 2790; x_wconf 89' lang='lat' dir='ltr'>eorum</span> <span class='ocrx_word' id='word_1_255' title='bbox 919 2731 1090 2790; x_wconf 89' lang='lat' dir='ltr'>lectionibus</span> 
     </span>
     <span class='ocr_line' id='line_1_33' title="bbox 102 2806 1088 2879; baseline 0.001 -15"><span class='ocrx_word' id='word_1_256' title='bbox 102 2822 160 2866; x_wconf 93' lang='lat' dir='ltr'>non</span> <span class='ocrx_word' id='word_1_257' title='bbox 183 2807 283 2879; x_wconf 90' lang='lat' dir='ltr'>paucis</span> <span class='ocrx_word' id='word_1_258' title='bbox 308 2823 379 2878; x_wconf 87' lang='lat' dir='ltr'>quas</span> <span class='ocrx_word' id='word_1_259' title='bbox 405 2824 458 2866; x_wconf 90' lang='lat' dir='ltr'>nec</span> <span class='ocrx_word' id='word_1_260' title='bbox 478 2824 513 2865; x_wconf 92' lang='lat' dir='ltr'>ex</span> <span class='ocrx_word' id='word_1_261' title='bbox 531 2807 685 2867; x_wconf 85' lang='lat' dir='ltr'>Eustathio</span> <span class='ocrx_word' id='word_1_262' title='bbox 704 2823 757 2865; x_wconf 91' lang='lat' dir='ltr'>nec</span> <span class='ocrx_word' id='word_1_263' title='bbox 778 2806 892 2865; x_wconf 90' lang='lat' dir='ltr'>aliunde</span> <span class='ocrx_word' id='word_1_264' title='bbox 910 2807 1019 2865; x_wconf 90' lang='lat' dir='ltr'>habere</span> <span class='ocrx_word' id='word_1_265' title='bbox 1037 2823 1088 2879; x_wconf 89' lang='lat' dir='ltr'>po·</span> 
     </span>
     <span class='ocr_line' id='line_1_34' title="bbox 99 2882 1089 2956; baseline -0.003 -14"><span class='ocrx_word' id='word_1_266' title='bbox 99 2883 239 2955; x_wconf 87' lang='lat' dir='ltr'>tuissent,</span> <span class='ocrx_word' id='word_1_267' title='bbox 263 2883 364 2941; x_wconf 92' lang='lat' dir='ltr'>sedin</span> <span class='ocrx_word' id='word_1_268' title='bbox 382 2883 427 2941; x_wconf 92' lang='lat' dir='ltr'>his</span> <span class='ocrx_word' id='word_1_269' title='bbox 447 2884 561 2956; x_wconf 80' lang='lat' dir='ltr'>digredi</span> <span class='ocrx_word' id='word_1_270' title='bbox 579 2884 651 2942; x_wconf 91' lang='lat' dir='ltr'>nihil</span> <span class='ocrx_word' id='word_1_271' title='bbox 670 2883 783 2942; x_wconf 88' lang='lat' dir='ltr'>attinet.</span> <span class='ocrx_word' id='word_1_272' title='bbox 832 2882 969 2941; x_wconf 85' lang='lat' dir='ltr'>Excussis</span> <span class='ocrx_word' id='word_1_273' title='bbox 987 2883 1089 2941; x_wconf 91' lang='lat' dir='ltr'>horum</span> 
     </span>
     <span class='ocr_line' id='line_1_35' title="bbox 101 2957 1089 3030; baseline -0.003 -12"><span class='ocrx_word' id='word_1_274' title='bbox 101 2958 237 3018; x_wconf 81' lang='lat' dir='ltr'>Codicum</span> <span class='ocrx_word' id='word_1_275' title='bbox 256 2959 425 3018; x_wconf 90' lang='lat' dir='ltr'>lectionibus</span> <span class='ocrx_word' id='word_1_276' title='bbox 453 2966 484 3019; x_wconf 89' lang='lat' dir='ltr'>et</span> <span class='ocrx_word' id='word_1_277' title='bbox 502 2960 541 3018; x_wconf 90' lang='lat' dir='ltr'>ad</span> <span class='ocrx_word' id='word_1_278' title='bbox 560 2977 626 3018; x_wconf 89' lang='lat' dir='ltr'>suaa</span> <span class='ocrx_word' id='word_1_279' title='bbox 647 2961 753 3018; x_wconf 86' lang='lat' dir='ltr'>classes</span> <span class='ocrx_word' id='word_1_280' title='bbox 772 2958 911 3030; x_wconf 88' lang='lat' dir='ltr'>redactis,</span> <span class='ocrx_word' id='word_1_281' title='bbox 943 2957 1028 3017; x_wconf 85' lang='lat' dir='ltr'>facile</span> <span class='ocrx_word' id='word_1_282' title='bbox 1048 2959 1089 3015; x_wconf 89' lang='lat' dir='ltr'>in-</span> 
     </span>
     <span class='ocr_line' id='line_1_36' title="bbox 102 3034 1090 3109; baseline 0 -15"><span class='ocrx_word' id='word_1_283' title='bbox 102 3036 210 3108; x_wconf 88' lang='lat' dir='ltr'>tellexi,</span> <span class='ocrx_word' id='word_1_284' title='bbox 230 3037 338 3094; x_wconf 93' lang='lat' dir='ltr'>nullum</span> <span class='ocrx_word' id='word_1_285' title='bbox 358 3051 509 3109; x_wconf 89' lang='lat' dir='ltr'>superesse</span> <span class='ocrx_word' id='word_1_286' title='bbox 529 3037 578 3108; x_wconf 88' lang='lat' dir='ltr'>qui</span> <span class='ocrx_word' id='word_1_287' title='bbox 597 3035 678 3095; x_wconf 91' lang='lat' dir='ltr'>nobis</span> <span class='ocrx_word' id='word_1_288' title='bbox 698 3036 803 3094; x_wconf 86' lang='lat' dir='ltr'>veteris</span> <span class='ocrx_word' id='word_1_289' title='bbox 817 3034 976 3108; x_wconf 81' lang='lat' dir='ltr'>cujuspiam</span> <span class='ocrx_word' id='word_1_290' title='bbox 991 3034 1090 3094; x_wconf 82' lang='lat' dir='ltr'>Gram-</span> 
     </span>
    </p>
   </div>
   <div class='ocr_carea' id='block_1_3' title="bbox 100 3227 1158 3571">
    <p class='ocr_par' dir='ltr' id='par_1_8' title="bbox 100 3227 1158 3571">
     <span class='ocr_line' id='line_1_37' title="bbox 170 3227 1089 3298; baseline -0.002 -14"><span class='ocrx_word' id='word_1_291' title='bbox 170 3228 319 3298; x_wconf 74' lang='grc'>7)1111(110.</span> <span class='ocrx_word' id='word_1_292' title='bbox 422 3229 445 3298; x_wconf 86' lang='lat'>⁸)</span> <span class='ocrx_word' id='word_1_293' title='bbox 457 3243 596 3284; x_wconf 89' lang='lat' dir='ltr'>concessus</span> <span class='ocrx_word' id='word_1_294' title='bbox 614 3234 663 3283; x_wconf 89' lang='lat' dir='ltr'>est.</span> <span class='ocrx_word' id='word_1_295' title='bbox 763 3230 786 3296; x_wconf 78' lang='grc'>9)</span> <span class='ocrx_word' id='word_1_296' title='bbox 805 3228 1017 3282; x_wconf 90' lang='lat' dir='ltr'>Commentarius</span> <span class='ocrx_word' id='word_1_297' title='bbox 1034 3227 1089 3282; x_wconf 82' lang='lat' dir='ltr'>Eu-</span> 
     </span>
     <span class='ocr_line' id='line_1_38' title="bbox 101 3295 1089 3352; baseline -0.002 0"><span class='ocrx_word' id='word_1_298' title='bbox 101 3296 195 3352; x_wconf 86' lang='lat' dir='ltr'>stathii</span> <span class='ocrx_word' id='word_1_299' title='bbox 211 3296 301 3351; x_wconf 79' lang='lat' dir='ltr'>multm</span> <span class='ocrx_word' id='word_1_300' title='bbox 317 3295 383 3350; x_wconf 87' lang='lat' dir='ltr'>locis</span> <span class='ocrx_word' id='word_1_301' title='bbox 400 3295 556 3350; x_wconf 85' lang='lat' dir='ltr'>emendatus</span> <span class='ocrx_word' id='word_1_302' title='bbox 567 3296 662 3351; x_wconf 89' lang='lat' dir='ltr'>editus.</span> <span class='ocrx_word' id='word_1_303' title='bbox 679 3296 760 3350; x_wconf 87' lang='lat' dir='ltr'>Basil.</span> <span class='ocrx_word' id='word_1_304' title='bbox 774 3299 847 3352; x_wconf 79' lang='lat'>1560.</span> <span class='ocrx_word' id='word_1_305' title='bbox 877 3295 1089 3351; x_wconf 75' lang='grc'><strong>(1011011111.</strong></span> 
     </span>
     <span class='ocr_line' id='line_1_39' title="bbox 100 3363 1090 3432; baseline -0.001 -13"><span class='ocrx_word' id='word_1_306' title='bbox 100 3364 252 3420; x_wconf 85' lang='lat' dir='ltr'>manualem</span> <span class='ocrx_word' id='word_1_307' title='bbox 268 3379 351 3432; x_wconf 83' lang='lat' dir='ltr'>parvo</span> <span class='ocrx_word' id='word_1_308' title='bbox 368 3363 476 3432; x_wconf 77' lang='lat' dir='ltr'>negotio</span> <span class='ocrx_word' id='word_1_309' title='bbox 487 3365 628 3419; x_wconf 81' lang='lat' dir='ltr'>restituere</span> <span class='ocrx_word' id='word_1_310' title='bbox 645 3365 739 3420; x_wconf 86' lang='lat' dir='ltr'>liceret</span> <span class='ocrx_word' id='word_1_311' title='bbox 757 3370 784 3419; x_wconf 88' lang='lat' dir='ltr'>et</span> <span class='ocrx_word' id='word_1_312' title='bbox 795 3365 818 3419; x_wconf 89' lang='lat' dir='ltr'>is</span> <span class='ocrx_word' id='word_1_313' title='bbox 828 3369 919 3418; x_wconf 86' lang='lat' dir='ltr'>textus</span> <span class='ocrx_word' id='word_1_314' title='bbox 930 3364 1025 3419; x_wconf 88' lang='lat' dir='ltr'>melior</span> <span class='ocrx_word' id='word_1_315' title='bbox 1042 3364 1090 3418; x_wconf 90' lang='lat' dir='ltr'>ali·</span> 
     </span>
     <span class='ocr_line' id='line_1_40' title="bbox 102 3431 1089 3503; baseline -0.001 -15"><span class='ocrx_word' id='word_1_316' title='bbox 102 3438 203 3503; x_wconf 81' lang='lat' dir='ltr'>quanto</span> <span class='ocrx_word' id='word_1_317' title='bbox 220 3439 290 3487; x_wconf 90' lang='lat' dir='ltr'>esset</span> <span class='ocrx_word' id='word_1_318' title='bbox 306 3431 430 3500; x_wconf 74' lang='lat' dir='ltr'>vulgato;</span> <span class='ocrx_word' id='word_1_319' title='bbox 445 3432 566 3500; x_wconf 85' lang='lat' dir='ltr'>proxime</span> <span class='ocrx_word' id='word_1_320' title='bbox 583 3433 619 3487; x_wconf 86' lang='lat' dir='ltr'>ad</span> <span class='ocrx_word' id='word_1_321' title='bbox 634 3433 706 3487; x_wconf 89' lang='lat' dir='ltr'>illins</span> <span class='ocrx_word' id='word_1_322' title='bbox 721 3431 801 3487; x_wconf 87' lang='lat' dir='ltr'>fidem</span> <span class='ocrx_word' id='word_1_323' title='bbox 818 3431 923 3487; x_wconf 86' lang='lat' dir='ltr'>accedit</span> <span class='ocrx_word' id='word_1_324' title='bbox 940 3431 1089 3487; x_wconf 75' lang='grc'><strong>111110110-</strong></span> 
     </span>
     <span class='ocr_line' id='line_1_41' title="bbox 101 3499 1158 3571; baseline -0.002 -15"><span class='ocrx_word' id='word_1_325' title='bbox 101 3516 182 3556; x_wconf 83' lang='lat' dir='ltr'>mana</span> <span class='ocrx_word' id='word_1_326' title='bbox 197 3500 331 3571; x_wconf 83' lang='lat' dir='ltr'>Majorani</span> <span class='ocrx_word' id='word_1_327' title='bbox 348 3499 399 3554; x_wconf 89' lang='lat' dir='ltr'>etsi</span> <span class='ocrx_word' id='word_1_328' title='bbox 415 3516 468 3557; x_wconf 88' lang='lat' dir='ltr'>non</span> <span class='ocrx_word' id='word_1_329' title='bbox 486 3505 639 3556; x_wconf 81' lang='lat' dir='ltr'>comtantar</span> <span class='ocrx_word' id='word_1_330' title='bbox 654 3502 683 3556; x_wconf 89' lang='lat' dir='ltr'>iu</span> <span class='ocrx_word' id='word_1_331' title='bbox 699 3500 775 3556; x_wconf 80' lang='lat' dir='ltr'>Euat.</span> <span class='ocrx_word' id='word_1_332' title='bbox 793 3499 958 3557; x_wconf 85' lang='lat' dir='ltr'>emendando</span> <span class='ocrx_word' id='word_1_333' title='bbox 975 3507 1088 3556; x_wconf 78' lang='grc'><strong>1111111.</strong></span> <span class='ocrx_word' id='word_1_334' title='bbox 1155 3562 1158 3567; x_wconf 48' lang='grc'><em>,</em></span> 
     </span>
    </p>
   </div>
   <div class='ocr_carea' id='block_1_4' title="bbox 0 0 1246 3960">
    <p class='ocr_par' dir='ltr' id='par_1_9' title="bbox 0 0 1246 3960">
     <span class='ocr_line' id='line_1_42' title="bbox 0 0 1246 3960; baseline 0 0"><span class='ocrx_word' id='word_1_335' title='bbox 0 0 1246 3960; x_wconf 95' lang='lat' dir='ltr'> </span> 
     </span>
    </p>
   </div>
  </div>
 </body>
</html>
