2482 3960
507 268 684 326 -127-

100 419 203 478 nendis
223 420 286 479 vice
305 421 458 493 pluralium
464 421 511 494 75),
534 421 1034 494 (13Η333331333333331331176),(13
1047 440 1098 495 33-

100 495 257 555 testatibus
281 497 406 570 plurium
430 497 647 570 vocabulorum,
673 497 709 556 de
728 497 940 558 discriminibus
961 499 1098 559 dialecto·
1111 511 1148 551 3ο(

99 588 172 645 rum,
194 571 230 632 de
250 574 510 634 constructionibus
530 575 651 649 poeticis
672 580 702 633 et
720 575 817 634 multis
838 576 903 634 aliis
922 575 1009 634 rebus
1024 577 1098 634 eius-

101 649 166 708 dom
186 651 302 722 generis
308 649 354 722 ⁷⁷).
384 651 450 710 Huc
463 650 539 710 addc
551 651 782 711 honestissimam
796 669 911 712 cansam
925 652 1097 726 alucinandi,
1112 666 1150 706 333

169 804 205 871 ⁷⁵)
222 802 292 858 Vide
310 802 345 857 ad
362 820 387 872 γ.
405 805 464 859 279.
486 808 544 860 439.
563 804 610 859 ubi
626 805 655 859 Z.
675 803 809 859 scribebat
827 803 995 856 ἀποτίνετον.
1024 803 1099 872 (031.

103 870 254 925 inurinare.
290 870 343 925 Sed
367 871 451 924 satius
470 877 511 926 est
533 872 631 927 menda
654 871 820 927 scholiorum
842 873 924 926 tacite
947 871 1101 940 corrigere.)

102 939 125 999 r.
147 942 203 1005 ura.
227 939 250 992 3.
269 943 328 994 343.
354 958 376 992 ν.
395 942 454 994 333.
481 958 503 992 ο.
522 941 573 995 343
606 959 630 993 0.
649 941 708 995 aar.
727 942 756 1006 ψ.
774 941 832 994 333.
850 937 911 992 333.
929 959 958 991 ο.
977 943 1036 994 333.
1054 939 1101 994 ubi

101 1007 131 1060 in
147 1007 304 1062 societatem
326 1006 406 1061 huius
430 1007 529 1061 erroris
551 1006 720 1062 adducuntur
737 1007 832 1061 033333
853 1013 881 1061 33
898 1008 1101 1074 Eratosthenes,

105 1074 234 1136 θέλοντες
257 1075 419 1147 συγχεῖσθαι
443 1075 478 1127 τὰ
505 1076 579 1129 barad
596 1074 658 1144 παρ’
674 1074 788 1146 Ὁμήρῳ.
823 1077 864 1129 Ac
882 1075 973 1144 plures
991 1091 1008 1129 3
1024 1074 1101 1129 nobis

107 1142 171 1197 addi
193 1149 303 1211 possent
325 1148 423 1213 333333
440 1143 639 1198 Alexandrinae
659 1149 687 1196 et
703 1143 882 1211 posteriorum
899 1148 1032 1210 aetatum,
1056 1143 1102 1211 qui

106 1211 180 1265 illam
197 1210 387 1274 confusionem,
407 1224 487 1278 quam
506 1217 534 1265 et
551 1211 603 1279 ipsi
619 1211 801 1281 imitabantur,
818 1211 847 1264 in
858 1212 975 1266 Homero
987 1211 1101 1265 fortasse

105 1278 143 1333 ad
160 1278 322 1347 exquisitum
339 1293 489 1332 sermonem
501 1279 557 1333 sive
568 1279 604 1334 ad
616 1279 752 1334 licentiam
762 1280 823 1334 aevi
834 1279 931 1332 ἀοιδῶν
943 1278 1101 1334 retulerunt.

173 1363 209 1432 ⁷⁶)
227 1364 365 1417 Accnrata
380 1368 474 1417 nostra
492 1365 649 1443 praeceptio
668 1364 701 1418 (13
718 1366 770 1419 hac
787 1380 830 1426 re,
854 1364 924 1419 sicut
941 1364 995 1418 alia
1011 1364 1102 1418 huius·

105 1429 179 1486 modi
190 1431 314 1498 plurima,
331 1430 484 1485 Aristarchi
496 1437 538 1486 est
558 1444 603 1500 qur
615 1432 694 1487 docui
725 1434 872 1487 Homerum
884 1434 1010 1504 συνήθως
1021 1432 1102 1484 ἐλλεί·

105 1515 166 1552 neca
181 1501 242 1559 ’τοῖς
259 1495 383 1568 ἄρθροις.
412 1497 444 1551 V.
463 1471 588 1567 31331433.
606 1500 684 1578 silex.
695 1438 736 1554 ι43
748 1501 823 1570 Synt.
834 1501 855 1554 Ι.
867 1516 894 1568 p.
905 1503 957 1580 84
965 1499 1101 1554 Plutarch.

105 1566 175 1624 Plat
194 1567 302 1634 Quaest.
321 1582 348 1635 p.
370 1570 443 1622 1010.
462 1566 495 1620 D.
506 1573 534 1621 et
545 1582 643 1635 passim
657 1568 754 1622 Scholl.
772 1567 910 1623 Zenodoto
922 1574 1012 1636 igitur,
1030 1567 1103 1634 apud

104 1640 213 1702 poetam
236 1649 314 1688 usum
338 1633 379 1688 sui
402 1634 503 1689 soeculi
527 1635 680 1703 quaerenti,
702 1637 800 1691 multas
816 1636 945 1690 lectiones
962 1635 1103 1690 mutandas

105 1702 191 1758 rideri
207 1717 317 1757 necesse
335 1701 394 1755 fuit.
430 1702 476 1756 Ita
499 1702 538 1756 illi
557 1702 655 1762 ’θὶλεὺς
672 1703 750 1760 facile
768 1703 849 1758 fiebat
867 1705 882 1756 ὁ
898 1701 992 1764 ’liedes
1026 1720 1051 1757 3.
1068 1702 1104 1756 ad

86 1770 251 1830 ,0333134
277 1773 381 1834 3335.
410 1774 512 1825 3293.
533 1775 590 1826 694.
609 1773 666 1826 712.
693 1793 716 1829 ο.
735 1777 795 1827 333.
814 1774 921 1839 33739.
957 1771 994 1825 Et
1040 1770 1102 1824 .M.

105 1854 134 1907 3.
152 1841 211 1895 346.
228 1837 306 1892 11333.
324 1855 351 1907 p.
371 1842 427 1892 101.
446 1844 497 1893 etc.
516 1839 561 1909 [31.
581 1840 727 1910 Hermann,
746 1841 779 1895 de
798 1840 900 1894 emend.
918 1845 968 1896 rat.
987 1787 1068 1894 gmon
1081 1838 1103 1891 I.

106 1912 131 1963 9.
149 1922 176 1975 p.
194 1909 252 1974 411:
272 1923 355 1975 quum
373 1921 434 1960 eum
451 1923 520 1961 unus
538 1908 613 1963 locus
631 1909 654 1962 λ.
666 1914 706 1965 93.
725 1908 760 1963 ad
777 1924 870 1962 verum
889 1908 986 1963 ducere
998 1906 1103 1961 debuis-

106 1979 157 2041 set.
192 1972 293 2028 Verum
309 1974 389 2028 huius
407 1990 513 2043 qnoque
531 1976 642 2044 formae,
659 1993 693 2031 nc
712 1993 771 2031 earn
789 1977 817 2029 in
839 1976 939 2031 criticis
961 1976 1040 2044 nugis
1058 1991 1104 2028 au·

107 2056 240 2110 numeres,
257 2050 382 2096 auctores
399 2042 544 2098 laudantur
556 2045 691 2099 Hesiodus
709 2044 921 2100 etStesichorus.
940 2044 980 2098 Ob
992 2043 1105 2097 candem

66 2171 69 2175 ,
107 2108 295 2166 necessitatem
313 2111 421 2165 articuli
437 2111 578 2172 Zenodoto
596 2112 763 2167 scribendum
781 2111 922 2166 videbatur
940 2110 1033 2177 ὧλλοι,
1057 2109 1104 2164 ubi

107 2176 186 2231 ἄλλον
202 2183 243 2232 333
259 2179 285 2231 ot
303 2175 385 2247 ἄλλοι,
403 2181 489 2233 333333.
525 2177 557 2233 V.
576 2180 711 2235 13333113
728 2180 803 2234 Reiz.
822 2178 854 2231 de
891 2178 978 2233 rosod.
997 2178 1042 2232 Gr.
1062 2193 1105 2231 ao-

108 2252 204 2302 333333
225 2245 343 2300 inclinat.
370 2263 396 2315 p.
414 2250 457 2303 73.
481 2262 541 2301 cum
565 2247 655 2316 Etym.
673 2249 711 2302 Μ.
735 2264 762 2316 p.
780 2251 840 2303 821.
866 2195 963 2302 8311311,
982 2245 1018 2300 ad
1034 2246 1062 2311 β.
1082 2251 1104 2300 1.

107 2320 137 2368 et
154 2332 177 2366 κ.
198 2318 220 2370 l.
254 2314 313 2381 Quo
331 2315 481 2383 posteriore
500 2315 558 2370 loco
577 2316 615 2369 313
632 2322 776 2370 narrantur
793 2321 821 2370 ct
838 2314 885 2385 alii
902 2315 1047 2383 scripsisse,
1065 2315 1106 2367 uti

107 2398 180 2437 nnnc
197 2382 261 2437 satis
279 2387 434 2436 constanter
451 2382 517 2437 iacit
528 2383 687 2452 Apollonius
697 2384 891 2438 Bramclriauns.
920 2384 961 2438 Ae
980 2381 1105 2437 33133113

107 2451 237 2506 articulus
254 2449 317 2504 addi
335 2456 382 2505 aut
400 2450 471 2504 demi
489 2453 578 2518 potuit
594 2452 654 2507 31113
663 2452 801 2507 vocabulis
809 2452 908 2506 multis.
935 2399 1035 2506 Saltem
1047 2466 1105 2504 ver-

107 2534 156 2573 sus
172 2535 227 2573 uon
243 2518 379 2586 reclamat,
403 2518 459 2572 sire
478 2519 579 2574 scribas
598 2526 650 2590 στῆ
668 2521 693 2573 d'
714 2522 845 2591 ὁγέρονν,
869 2520 921 2572 ἀνὰ
939 2521 968 2572 d’
986 2522 1001 2571 ὁ
1018 2519 1105 2572 πτολί·

108 2588 213 2656 πορθος
227 2586 377 2651 Ὀδυσσεύς,
402 2587 457 2640 sive
476 2587 507 2639 δὲ
524 2590 627 2658 γέρων,
645 2590 676 2641 δὲ
693 2590 876 2659 πτολίπορθος
892 2587 931 2642 ’0.
949 2587 980 2640 Il.
998 2586 1028 2653 β,
1046 2589 1105 2643 278.

128 2740 133 2751 Ι
176 2672 213 2739 77)
229 2672 279 2725 Η13
296 2687 463 2741 apponamus
482 2673 613 2741 quaedam
651 2690 680 2728 er
698 2679 825 2742 saturam,
842 2673 877 2728 ob
896 2689 965 2742 quae
976 2673 1006 2727 Z.
1024 2688 1105 2741 saepe

108 2744 277 2807 vituperatur
294 2746 323 2792 et
339 2741 410 2807 diple
428 2746 538 2794 notatur
555 2691 697 2796 13834311.
716 2741 746 2795 Λ.
764 2745 823 2797 729.
841 2741 991 2796 confudisse
1009 2742 1107 2795 dicitur

110 2807 214 2894 δόρπον
233 2813 261 2860 et
279 2808 401 2873 δεῖπνον,
433 2827 455 2861 ν.
474 2813 533 2863 610.
558 2811 696 2881 μάχαιραν
724 2816 751 2863 et
778 2809 870 2878 ξίφος,
897 2828 921 2861 σ.
940 2810 999 2864 247.
1024 2829 1046 2862 τ.
1066 2812 1105 2863 14.

110 2875 202 2944 φοβον
231 2880 259 2929 et
285 2876 355 2935 δέος.
392 2877 746 2932 A.56.198.scribebatd
767 2881 817 2945 ῆτο
842 2892 892 2944 pro
920 2879 1017 2944 ὁρᾶτο,
1046 2880 1105 2930 530.

109 2943 213 3022 sponde
227 2958 255 3011 3.
272 2944 383 3011 κρατός,
401 2945 429 2997 13
447 2945 545 3011 quihus
561 2951 674 3024 propter
684 2960 735 2998 con
766 2959 808 2998 sas
820 2943 951 3024 dialectus
962 2958 991 2997 re
1012 2944 1106 3023 rehen-

109 3011 191 3090 ditur.
208 3010 236 3066 Γ.
255 3015 313 3066 459.
332 3018 449 3080 notatur,
468 3012 540 3101 quod
557 3012 716 3067 infinitivum
727 3017 862 3081 potestate
872 2959 1106 3093 3333331333-

108 3078 313 3216 {iiiiii}
332 3080 1105 3231 stilibi:terribili?titulabit?

109 3216 232 3362 11133
249 3219 309 3340 333
327 3235 355 3351 3.·
371 3219 435 3338 si·
458 3237 483 3344 i:
501 3221 561 3340 itt:
580 3217 872 3354 sanitari
883 3217 1106 3353 31333333

111 3355 178 3406 tant
203 3352 237 3407 de
256 3357 337 3432 certo·
350 3353 472 3420 exemplo
490 3352 585 3432 01333.
609 3373 635 3406 π.
653 3357 712 3432 423.
731 3368 854 3419 securus;
887 3371 912 3418 γ.
929 3355 989 3405 244.
1006 3352 1029 3403 λ.
1049 3355 1106 3431 142.

166 3390 351 3488 (ineglexerrt
363 3435 453 3474 veram
471 3437 524 3474 rim
542 3436 728 3488 pronommum
746 3423 814 3489 σφός
836 3426 864 3474 33
882 3420 937 3487 ἑός,
962 3434 1031 3486 quae
1050 3434 1106 3487 qur·

110 3432 173 3540 3331
189 3495 251 3556 post
268 3489 356 3556 ipsum
373 3487 452 3542 unice
470 3487 590 3557 legitima
607 3490 770 3558 ponebatur,
805 3487 829 3546 ξ.
847 3491 906 3543 469.
929 3488 1002 3555 quod
1024 3487 1106 3541 verbo
