2482 3960
509 293 689 346 ..55-

542 558 648 642 XXI.

179 708 261 766 Haec
281 707 375 767 omnia
395 685 532 779 colhgata
551 707 631 764 inter
650 722 690 778 se,
712 712 742 765 et
761 690 791 764 in
811 723 868 765 uno
882 715 1038 780 conspectu
1051 725 1101 780 po·
1114 723 1139 762 ar

103 786 170 857 sita,
189 800 257 842 num
276 782 396 843 fortuita
416 783 532 842 silentia
552 781 639 843 sunt?
659 799 696 842 an
715 783 749 856 is,
771 785 819 855 qui
833 785 876 842 ita
889 784 964 856 silet,
985 786 1102 856 loqueu-

102 863 141 920 tis
169 866 199 919 et
225 861 302 919 clare
326 860 461 919 testantis
481 876 636 932 personam
661 861 758 931 gerit?
796 860 871 918 Mihi
892 861 1021 932 quidem,
1047 862 1102 920 etsi

102 955 161 996 nou
181 954 243 994 sum
262 937 345 995 nimis
366 936 509 1010 credulus
530 937 580 994 illa
593 952 646 1009 per
659 953 691 994 se
704 938 791 1009 plane
804 937 1022 1009 persuaderent,
1042 939 1103 996 vul-

103 1030 203 1087 garem
222 1018 320 1072 autem
339 1014 501 1086 opinionem
526 1011 683 1071 defendere
704 1014 920 1071 dementissima
939 1016 1103 1086 pervicacia

101 1090 258 1148 videretur.
278 1089 319 1148 At
333 1096 426 1162 erunt,
447 1091 556 1163 opinor,
580 1090 629 1160 qui
650 1088 758 1160 dicant,
773 1087 847 1147 effici
861 1090 976 1161 quidem
990 1107 1026 1148 ex
1035 1091 1101 1163 illis,
1115 1103 1141 1144 cr

101 1174 136 1224 ut
160 1167 277 1225 litterae
303 1167 349 1225 vel
374 1166 597 1230 obscurissimae
619 1166 664 1223 vel
684 1183 804 1238 prorsus
824 1167 974 1238 ignoratae
995 1165 1103 1224 fuerint

101 1242 234 1302 Troianis
254 1243 446 1316 temporibus,
470 1260 528 1302 non
547 1244 617 1301 item
636 1242 704 1315 hoc,
736 1247 769 1300 ut
793 1249 874 1301 vates
900 1243 1011 1302 duobus
1037 1250 1103 1316 post

102 1320 225 1378 saeculis
245 1320 309 1392 ipse
329 1335 442 1392 quoque
457 1319 625 1382 illitteratus
636 1317 734 1378 fuerit.
761 1319 930 1378 Extremam
943 1321 1017 1378 hanc
1031 1321 1103 1379 late-

101 1396 184 1455 bram
211 1397 235 1454 si
255 1397 406 1455 obstruere
430 1397 547 1469 vellem,
573 1412 692 1455 necesse
714 1396 851 1454 haberem
871 1397 985 1469 longam
1006 1398 1103 1470 dispu-

101 1473 240 1532 tationem
260 1473 374 1546 ingredi
394 1473 429 1530 de
450 1473 526 1537 omni
548 1475 671 1544 ratione,
694 1489 751 1543 qua
764 1473 907 1531 Homerus
927 1474 957 1530 in
975 1474 1103 1547 descrip-

101 1550 180 1608 tione
200 1549 335 1608 heroicae
355 1550 433 1608 vitae
447 1550 559 1608 versari
575 1550 657 1608 solet.
692 1549 758 1608 Nou
773 1551 848 1607 enim
861 1550 939 1622 apud
953 1550 1033 1608 illum
1047 1551 1103 1607 nisi

101 1625 147 1683 bis
167 1631 248 1684 terve
266 1626 321 1685 hoc
341 1641 432 1697 genus
452 1626 566 1698 reperio
587 1625 722 1684 eruditae
736 1627 817 1698 artis,
839 1626 915 1697 quod
929 1632 1034 1698 poetae
1045 1628 1102 1685 cul-

102 1703 208 1761 tiorum
233 1708 362 1761 aetatum
382 1702 532 1774 affectant,
560 1718 646 1773 quum
667 1703 848 1774 superiorum
869 1701 1000 1761 fabulosa
1021 1709 1104 1775 gesta

105 1795 209 1837 scenae
227 1779 383 1837 reddentes
398 1786 501 1839 cavent
514 1778 624 1850 sedulo,
637 1794 674 1837 ne
684 1780 809 1851 priscam
818 1779 1013 1838 sinceritatem
1024 1781 1104 1838 novis

103 1852 230 1914 moribus
250 1853 392 1927 infuceut,
420 1872 476 1927 quo
501 1854 614 1914 facilius
640 1855 796 1914 lectoribus
817 1858 863 1914 vel
883 1856 1103 1928 spectatoribus,

103 1937 224 2004 propter
243 1932 425 2003 antiquitatis
445 1933 581 2004 peritiam
601 1932 776 2005 incredulis,
808 1933 969 2005 imponant,
997 1949 1103 2005 eosque

103 2005 191 2066 rebus
211 2024 246 2066 ac
264 2009 410 2081 personis,
437 2009 541 2080 quibus
562 2009 754 2067 cummaxime
775 2010 886 2082 volunt,
913 2011 1054 2068 interesse
1076 2015 1105 2066 et

102 2201 144 2256 les
170 2201 358 2268 compilateurs
381 2200 533 2255 d'Homere.
577 2200 813 2254 Non-seulement
836 2201 903 2254 dans
933 2202 957 2255 le
981 2207 1052 2255 reste
1071 2201 1104 2255 de

103 2268 208 2323 l'Iliade
226 2285 260 2323 cn
277 2268 333 2323 voit
350 2284 404 2336 peu
422 2269 455 2323 de
474 2276 560 2322 traces
576 2267 608 2321 dc
620 2273 665 2322 cet
674 2275 730 2321 art:
748 2272 793 2336 (ne
806 2269 918 2336 mireriS,
937 2269 1105 2338 quodpouca

102 2337 218 2404 vestigia
236 2336 301 2390 dicit
319 2351 386 2404 esse,
405 2352 474 2405 quae
492 2340 568 2388 nullo
587 2341 664 2403 sunt3
681 2337 720 2390 ita
737 2335 893 2404 loquuntur,
911 2339 957 2405 qui
969 2355 1023 2391 non
1037 2339 1104 2391 certi

104 2411 166 2459 sunt
178 2405 327 2459 sententiae
337 2420 401 2458 suae
409 2410 427 2473 :J
445 2405 512 2458 mais
521 2405 590 2471 j¹ose
604 2419 720 2458 avancer
729 2420 780 2472 que
790 2411 866 2458 toute
879 2405 1016 2475 l'Odyssee
1033 2409 1104 2460 n'est

103 2473 186 2542 qu'un
202 2473 270 2526 theu
288 2472 321 2526 de
339 2471 437 2526 betises
455 2479 483 2526 et
501 2472 643 2540 d'inepties
662 2475 759 2541 qu’une
778 2474 858 2527 lettre
868 2490 903 2527 ou
913 2474 984 2528 deux
996 2480 1104 2528 eussent

78 2558 83 2567 ·
103 2540 193 2595 reduit
206 2556 240 2594 en
249 2539 346 2604 fumee,
363 2556 399 2594 au
408 2540 462 2594 lieu
475 2544 556 2609 qu'on
570 2540 637 2594 rend
647 2556 677 2594 ce
689 2546 785 2608 poeme
795 2542 963 2596 raisonnable
978 2548 1006 2596 et
1018 2546 1103 2598 meme

104 2623 179 2662 assez
196 2607 259 2662 bien
277 2607 394 2675 maduit,
412 2624 446 2662 en
465 2614 615 2676 supposant
634 2624 685 2677 que
704 2624 746 2662 ses
763 2609 843 2664 heros
856 2612 930 2664 aient
947 2611 1040 2678 ignore
1058 2612 1103 2665 l'e·

103 2676 212 2729 oriture.
248 2675 276 2729 Si
299 2675 401 2730 l'Iliade
426 2679 472 2729 etit
490 2678 533 2730 ete
552 2677 644 2744 ecrite,
672 2677 722 2730 elle
734 2680 781 2731 etit
799 2680 842 2732 ete
861 2677 1000 2746 beaucoup
1018 2679 1104 2733 moins

104 2744 226 2811 chantee,
244 2744 283 2797 les
292 2743 453 2811 Rhapsodes
463 2752 570 2798 eusseut
589 2746 631 2798 ete
643 2746 728 2798 moins
738 2746 897 2800 recherches
910 2754 974 2800 etse
987 2749 1104 2800 seroient

102 2811 189 2866 moins
206 2811 359 2879 multiplies.
394 2813 491 2866 Aucun
508 2818 586 2866 autre
604 2812 688 2868 Paete
706 2815 751 2866 n’a
769 2815 812 2866 ete
830 2815 898 2867 ainsi
916 2816 1021 2880 chante,
1040 2815 1103 2868 sice

103 2881 171 2934 n’est
188 2879 214 2933 le
232 2880 315 2934 Tasse
333 2880 350 2932 a
367 2879 480 2947 Venise3
502 2895 598 2934 encore
617 2885 728 2934 n'estce
747 2896 800 2948 que
818 2897 869 2949 par
886 2880 926 2935 les
944 2881 1103 2935 Goudoliers

103 2947 151 3016 qui
167 2962 201 3001 ne
220 2953 281 3002 sont
297 2963 347 3016 pas
365 2948 463 3016 grands
487 2948 610 3001 leeteurs.
639 2972 670 2988 *-
700 2947 754 3002 Les
771 2949 883 3002 Poemes
901 2948 1044 3003 d'Homere
1062 2965 1103 3002 re-

103 3015 205 3069 stereut
222 3015 365 3084 long-tems
383 3015 464 3070 ecrits
482 3016 629 3070 seulement
648 3016 714 3071 dans
731 3016 758 3070 la
774 3017 900 3071 memoire
913 3018 960 3071 des
968 3017 1102 3084 hommes3

102 3083 136 3136 ils
152 3082 245 3137 furem
262 3084 421 3138 rassembles
444 3099 496 3150 par
519 3085 587 3138 ecrit
609 3099 686 3138 assez
704 3083 766 3137 tard
784 3091 811 3138 et
829 3101 894 3138 avec
911 3085 1051 3154 beaucoup
1070 3084 1102 3138 de
1151 3123 1154 3127 »

102 3150 191 3220 peine.
227 3151 264 3205 Ge
282 3151 323 3205 fut
341 3152 475 3219 quandlu
493 3152 581 3206 Grece
600 3167 754 3219 commenca
772 3151 918 3207 d'abonder
937 3169 970 3207 en
986 3154 1066 3207 fimes
1076 3160 1103 3206 et

103 3235 138 3272 en
154 3219 247 3288 poesie
266 3220 361 3289 ecrite,
384 3236 436 3288 que
460 3226 521 3275 tout
543 3219 569 3273 le
592 3220 700 3274 charme
728 3221 762 3274 de
780 3220 847 3274 celle
865 3220 1008 3274 d’Homere
1027 3236 1055 3273 se
1073 3219 1104 3272 fit

103 3286 188 3340 sentir
205 3303 256 3355 par
278 3288 470 3356 comparaison.
506 3288 560 3341 Les
579 3294 671 3342 autres
688 3288 786 3343 Poetes
804 3289 963 3355 ecrivoient,
986 3288 1103 3342 Homere

103 3354 162 3408 seul
180 3356 254 3409 auoit
271 3356 376 3423 charite,
395 3360 422 3409 et
440 3371 485 3410 ces
504 3356 598 3409 chants
617 3356 705 3410 divina
722 3360 796 3411 n’cnt
814 3358 887 3409 cesse
897 3356 981 3410 d’etre
995 3358 1103 3410 eccutes

103 3438 170 3477 avec
187 3423 362 3478 ravissement
379 3438 431 3492 que
450 3424 540 3492 quand
552 3423 681 3504 l'Europe
699 3427 764 3478 s'est
782 3430 908 3478 converte
920 3424 953 3477 de
964 3423 1102 3488 barbares,

104 3491 152 3561 qui
169 3506 198 3545 se
217 3498 277 3547 sont
294 3491 379 3547 meles
397 3492 430 3547 de
446 3491 528 3560 juger
545 3507 576 3546 ce
596 3493 675 3560 qu’ils
692 3507 727 3546 ne
744 3491 891 3561 pouvoient
908 3492 1016 3546 sentiro
