2482 3960
155 583 214 643 Sed
233 599 417 655 nequaquam
437 599 483 640 me
502 584 633 656 poenitet
651 584 736 643 huius
750 583 848 654 studii,
869 585 946 658 quod
959 601 1013 658 per
1026 585 1100 644 hane

97 661 278 719 occasionem
291 660 322 717 iu
332 659 506 719 tractatione
517 666 646 718 veterum
658 660 916 720 Grammaticorum
927 663 1099 735 consumpsi.

97 736 187 795 Immo
207 740 319 794 tanturn
340 751 374 796 eo
394 751 440 794 me
461 735 591 794 adiutum
605 737 707 808 sentio,
729 753 786 796 non
800 737 885 797 modo
899 738 937 796 ad
949 738 1005 796 hoo
1017 755 1099 811 opus,

97 811 151 870 sed
171 812 209 870 ad
229 828 341 871 omnem
360 810 529 870 facultatem
548 812 665 884 linguae
679 812 819 885 Graecae,
840 814 982 873 neminem
1003 819 1036 871 ut
1054 831 1100 872 ar-

45 904 52 908 ·‘
98 888 191 946 bitror
209 888 240 945 in
259 889 318 947 ullo
339 888 452 948 Graeco
472 889 615 960 scriptore
635 888 747 948 edendo
767 888 908 962 proficere
928 905 1023 963 posse,
1044 891 1100 948 nisi

98 965 185 1022 simili
205 980 291 1022 cursu
309 965 441 1023 lectionis
462 971 620 1039 praecepta
639 966 752 1024 illorum
775 967 934 1038 collegerit,
955 973 985 1024 et
998 966 1036 1024 ad
1049 983 1100 1039 op·

98 1041 183 1099 times
202 1041 330 1100 rationes
351 1041 568 1099 examinaverit.
607 1042 710 1113 Neque
729 1041 760 1098 id
779 1042 932 1101 molestum
952 1043 1099 1114 negotium

98 1124 144 1175 est
165 1118 205 1189 ei,
226 1118 275 1188 qui
294 1115 429 1176 assiduus
450 1122 480 1176 et
499 1117 590 1175 alacri
609 1117 703 1176 animo
723 1117 843 1177 idoneas
863 1119 907 1176 rei
926 1118 1012 1177 horas
1038 1135 1100 1176 car-

98 1209 168 1268 pere
194 1195 348 1252 consuerit.
390 1194 484 1253 Credo
509 1209 579 1252 sane
602 1192 716 1252 facilius
745 1210 818 1266 esse,
843 1194 1100 1254 Grammaticorum

98 1270 233 1329 minutias
253 1270 405 1342 ridentem,
426 1269 462 1328 de
483 1270 628 1328 Homerici
649 1271 759 1329 saeculi
777 1270 912 1330 barbarie
933 1276 963 1329 et
981 1271 1100 1330 horrido

99 1347 159 1405 sive
186 1345 299 1405 erudito
326 1347 405 1405 cultu
435 1347 585 1417 sermonis,
616 1347 653 1404 de
679 1345 803 1418 fabulari
827 1348 950 1406 historia
976 1353 1007 1404 et
1030 1348 1100 1406 insi·

98 1423 210 1496 pientia
233 1422 373 1495 mythice,
400 1424 445 1480 vel
470 1422 507 1481 de
534 1423 608 1495 epici
630 1423 770 1482 Garminis
796 1424 950 1483 virtutibus
978 1441 1014 1481 ex
1032 1422 1100 1482 Ari·

99 1499 213 1559 stotelis
246 1499 371 1558 decretis
400 1499 571 1572 philosopho
604 1500 748 1558 molimine
781 1500 939 1573 disputare.
987 1501 1100 1572 Nempe

99 1575 200 1634 taedet
218 1575 248 1633 iu
267 1576 326 1633 ista
345 1576 469 1633 lectione
490 1574 590 1634 doctos
609 1575 789 1635 indoctarum
810 1576 988 1648 quarundam
1005 1582 1035 1635 et
1047 1576 1099 1634 mi·
1211 1634 1216 1641 ,

99 1656 233 1709 notarum
253 1651 440 1722 argutiarum.
480 1650 520 1709 At
539 1652 663 1724 primunr
682 1652 824 1711 modestia
844 1657 924 1711 vetat
937 1653 1024 1710 ullam
1037 1668 1099 1710 rem

99 1732 292 1799 contemnere,
305 1728 472 1800 prinsquam
488 1743 551 1785 eam
565 1728 655 1800 probe
669 1731 847 1801 cognoveris.
882 1728 930 1800 Et,
945 1745 981 1786 ne
996 1729 1098 1799 dicam,

99 1820 186 1876 quam
205 1805 296 1862 multa
315 1805 358 1862 illi
377 1805 459 1862 nobis
480 1805 535 1862 soli
554 1810 724 1873 evaetusta
748 1806 887 1864 memoria
912 1805 1098 1876 servaverint,

98 1881 187 1938 iidem
207 1882 335 1953 argutuli
355 1896 443 1953 saepe
464 1882 551 1939 etiam
571 1897 685 1939 sensum
706 1882 858 1941 verborum
878 1883 986 1954 optime
1014 1898 1099 1955 expe·
1113 1900 1138 1939 ao

27 2013 30 2020 ,
99 1957 196 2028 diunt,
223 1957 330 2029 quippe
356 1973 428 2028 quos
453 1974 521 2015 usus
541 1958 658 2029 liuguae
682 1958 808 2016 nondum
834 1959 950 2031 penitus
977 1957 1099 2015 amissus

100 2039 178 2092 tutos
198 2034 369 2106 praestabat
388 2050 407 2092 a
426 2034 555 2106 pluribus
577 2034 738 2105 erroribus,
765 2050 836 2105 quos
857 2034 943 2093 hodie
962 2035 1037 2091 male
1057 2040 1101 2091 te-

100 2110 193 2183 gimus
222 2126 314 2168 novae
344 2110 592 2183 interpretationis
630 2109 751 2168 deliciis.
801 2110 834 2166 ln
859 2111 986 2168 Homero
1013 2125 1100 2181 porro

102 2186 256 2257 singularis
276 2186 432 2245 oblectatio
453 2186 595 2257 quaedam
615 2193 645 2243 et
664 2186 791 2257 dignitas
818 2185 894 2243 illius
921 2200 1028 2257 operae
1055 2201 1101 2242 ac-

101 2262 180 2320 cedit
200 2278 235 2320 ex
255 2278 303 2334 eo,
330 2262 407 2333 quod
431 2263 576 2320 variarum
595 2261 750 2320 lectionum
771 2266 801 2319 et
824 2278 965 2320 canonum
992 2261 1101 2319 techni·

101 2354 208 2410 corum,
230 2355 301 2410 quos
321 2339 389 2397 libri
409 2338 588 2411 grammatici
609 2344 639 2397 et
659 2337 774 2396 Scholia
787 2338 939 2411 praebent,
960 2337 1101 2409 conquisi-

101 2415 181 2474 tione
202 2421 233 2472 ct
251 2431 374 2473 censura
393 2415 423 2472 in
443 2421 525 2473 vetus
546 2420 576 2472 et
595 2415 741 2487 plerisque
760 2415 887 2487 antiquis
912 2414 1101 2486 scriptoribus

101 2491 246 2562 antiquius
272 2507 373 2550 aevum
400 2508 434 2550 ac
459 2492 543 2563 quasi
562 2492 593 2548 in
612 2491 782 2550 societatem
808 2508 944 2550 vocamur
970 2491 1101 2550 doctissi-

100 2584 211 2626 morum
227 2567 407 2640 Griticorum,
428 2584 548 2638 qnorum
569 2567 676 2626 iudicia
697 2574 727 2626 et
746 2569 977 2640 praeceptiones,
997 2566 1100 2638 quibus

101 2644 169 2703 olim
201 2643 361 2716 Ciceronis,
389 2644 517 2716 Virgilii,
544 2644 659 2703 Horatii
692 2644 890 2704 adolescentia
923 2644 1056 2702 alebatur
1067 2641 1100 2713 1),

101 2720 230 2792 quamvis
251 2720 288 2778 de
308 2719 434 2792 Graeca,
456 2721 487 2778 id
508 2727 553 2778 est
572 2721 668 2793 patria
687 2721 828 2793 ipsorum,
849 2720 949 2792 lingua
968 2720 1100 2791 scriptas,

55 2830 59 2840 ·
100 2813 152 2855 nos
172 2795 289 2855 barbari
314 2793 467 2874 ὀψιμαθεῖς
486 2797 594 2869 passim
619 2813 676 2855 non
701 2796 826 2855 absurde
845 2795 988 2868 refingere
1015 2811 1102 2867 posse

101 2871 257 2930 videamur.
302 2873 401 2931 Talem
427 2874 618 2933 conditionem
644 2873 737 2930 critici
763 2873 903 2944 muneris,
934 2872 1029 2929 nullus
1057 2876 1103 2928 est

101 2949 227 3022 scriptor
246 2954 404 3022 aitpoeta
423 2949 612 3021 antiquitatis,
634 2949 683 3020 qui
701 2948 823 3021 perinde
843 2953 930 3020 atque
943 2948 990 3006 hic
1003 2952 1103 3005 noster

101 3024 212 3084 offerat.
254 3026 346 3097 Quum
366 3042 435 3084 vero
454 3027 579 3098 plurima
599 3042 635 3084 ex
646 3025 761 3085 illorum
778 3024 948 3084 Oriticorum
962 3038 1102 3082 commen·

101 3101 199 3173 tariis,
225 3107 363 3173 tauquam
389 3118 566 3174 parmenus
592 3101 717 3168 tradita,
743 3101 802 3159 alia
826 3103 856 3158 in
882 3102 954 3159 alias
980 3105 1102 3170 aetates,

101 3178 296 3238 vetustissima
314 3179 420 3253 partim
439 3178 469 3236 in
489 3178 673 3250 novissimas,
694 3178 878 3248 devenerint,
899 3192 997 3237 omnes
1016 3175 1101 3232 istius

181 3341 209 3416 ι)
225 3354 287 3410 Non
305 3353 444 3408 ambitiose
461 3353 513 3408 hoc
531 3353 592 3420 dici,
610 3352 701 3421 plures
714 3351 766 3406 loci
779 3351 924 3413 Ciceronis,
943 3350 1061 3406 Senecae
1074 3353 1102 3403 et

101 3423 214 3478 aliorum
232 3423 337 3488 docent,
354 3427 435 3489 atque
454 3422 539 3476 omnis
556 3421 626 3476 ratio
643 3419 833 3489 grammaticae
851 3424 879 3472 et
896 3418 1016 3474 liberalis
1027 3417 1102 3471 insti-

101 3491 213 3548 tutionis
231 3490 303 3561 apud
320 3490 464 3545 Romanos.
