2498 3952
533 301 708 354 -165-

127 444 222 504 vcrbis
243 447 424 520 complectar,
443 447 627 506 Aristarchus
646 446 686 519 id,
706 448 782 519 quod
801 448 924 507 audacia
937 447 1028 508 aetati
1041 462 1111 506 suae

126 523 253 597 propria,
268 528 354 594 atque
367 524 440 583 adeo
453 525 497 582 rei
508 529 707 596 comentanea,
718 525 861 596 nimiaque
875 525 1032 584 sobrietate
1046 540 1112 583 acu·

126 598 211 656 minis
231 599 360 671 deliquit,
380 600 546 672 pensavisse
565 600 679 658 videtur
698 601 836 673 religione
856 606 887 660 ct
905 618 975 661 cura
993 605 1024 660 et
1036 601 1113 659 omni

125 675 268 747 caudore,
289 691 324 734 ne
344 676 498 748 quidquam
516 678 546 734 in
567 677 726 749 exemplum
746 694 828 737 suum
847 678 1030 750 admitteret,
1056 676 1113 736 nisi

126 751 203 824 qnod
222 750 393 810 Homericae
413 759 463 812 aut
482 759 560 812 certe
578 753 690 826 priscae
710 760 841 814 monetae
860 761 946 814 esset.

202 827 392 887 Revertamur
411 829 449 887 ad
467 831 653 902 propositum.
686 830 742 888 Est
761 831 836 889 enim
855 831 1003 902 rehquum,
1023 835 1057 889 ut
1075 830 1113 892 da

125 901 265 982 ἀθετῆσει
276 904 435 964 Aristarchi
449 908 565 978 proprie
577 906 713 964 dicamus.
741 905 907 966 Macrobius
920 907 1035 979 quidem
1044 908 1113 967 sori·

126 981 179 1052 bit,
198 982 256 1039 tria
274 981 347 1039 haec
361 998 397 1040 ex
409 998 500 1054 aequo
512 983 700 1055 impossibilia
712 983 844 1056 iudicari,
863 985 909 1043 vel
921 984 982 1042 Iovi
994 981 1111 1056 fulmen,

126 1058 172 1115 vel
185 1058 303 1115 Herculi
320 1059 437 1130 clavam,
456 1060 502 1118 vel
520 1075 633 1116 versum
651 1058 777 1118 Homero
795 1058 1015 1130 subtrahereH).
1048 1059 1112 1120 Hoc

126 1134 151 1191 is
170 1139 259 1205 recte,
279 1151 364 1192 sensu
384 1136 432 1194 illo
452 1151 508 1207 quo
528 1135 613 1193 dixit:
638 1134 691 1193 sed
709 1151 862 1208 perperam
881 1133 1053 1194 transfertur
1071 1135 1111 1195 ad

125 1210 200 1270 hanc
218 1211 358 1270 rationem
377 1212 513 1270 criticam.
552 1213 614 1270 Nec
632 1211 689 1269 iam
707 1213 808 1283 loquor
828 1212 864 1271 de
883 1212 1022 1283 versibus,
1041 1228 1112 1284 quos

126 1287 234 1345 dudum
253 1286 429 1346 oblitteravit
447 1287 607 1346 Aristarchi
625 1288 763 1346 recensio.
804 1289 950 1348 subtracti
968 1294 1035 1347 sunt
1053 1289 1112 1361 illi;

126 1364 267 1422 Homems
286 1381 388 1436 passus
409 1370 468 1437 est3
497 1381 579 1423 nemo
599 1366 695 1423 sentit.
729 1364 787 1424 Sed
805 1366 913 1423 nullum
935 1370 979 1423 est
998 1366 1111 1427 omnino

125 1456 216 1512 genus
235 1440 413 1514 scriptorum,
434 1441 480 1498 cui
499 1439 610 1499 facilius
631 1446 745 1499 etcum
764 1443 872 1501 minore
885 1441 1035 1514 dispendio
1049 1457 1112 1500 sen·

125 1517 279 1575 tentiarum
299 1518 407 1589 aliquid
427 1517 504 1575 demi
523 1519 623 1590 possit,
643 1534 728 1590 quam
740 1518 784 1575 his
797 1515 913 1590 ἀοιδοῖς,
927 1519 1033 1590 quippe
1043 1534 1112 1589 quo·
1124 1541 1164 1582 sco

125 1609 189 1649 rum
208 1595 300 1653 oratio
320 1595 435 1651 iuvenili
455 1595 588 1652 ubertate
608 1595 780 1666 perlongus
800 1594 936 1666 ambages
951 1593 1111 1667 deducitur,

126 1674 156 1727 et
175 1669 253 1742 apud
272 1687 342 1742 qnos
362 1687 449 1743 saepe
468 1669 639 1743 levium,'ad
657 1677 786 1730 nostrum
806 1671 920 1742 quidem
934 1686 1057 1743 sensum,
1077 1685 1112 1730 aa

124 1747 297 1805 minutarum
315 1763 410 1805 rerum
431 1747 525 1819 imago
535 1747 635 1820 spirat.
664 1748 766 1818 Neque
777 1747 854 1819 apud
869 1763 917 1806 eos
928 1747 1112 1820 comprehen-

124 1823 169 1882 sio
189 1828 219 1880 et
238 1824 361 1882 ambitus
381 1824 532 1882 verborum
551 1825 593 1883 sic
612 1823 782 1882 terminatur
801 1822 967 1896 artificiose,
995 1829 1028 1881 ut
1046 1839 1112 1896 pcr-

125 1899 251 1972 petuitas
262 1905 410 1958 contextus
424 1901 542 1960 tollatur
556 1900 670 1971 dempto
681 1901 776 1972 ahquo
787 1901 944 1971 versicu103
965 1900 1033 1972 quin
1046 1915 1111 1958 con·

126 1983 172 2032 tra
190 1976 232 2033 ita
251 1993 450 2048 nonnunquam
470 1977 508 2034 ad
521 1976 620 2037 doctas
634 1993 718 2036 aures
733 1978 843 2048 gratior
855 1977 946 2034 currit
958 1976 1115 2035 sententia-¹

125 2052 184 2110 Sed
208 2054 272 2112 nolo
296 2070 370 2111 nunc
395 2069 498 2112 causas
521 2054 606 2112 huius
633 2053 752 2112 rationis
773 2052 943 2112 emendandi
962 2052 1112 2126 persequi3

123 2128 194 2200 quid
212 2129 380 2189 Aristarcho
399 2130 550 2202 placuerit,
569 2128 696 2187 breviter
716 2134 746 2187 et
764 2130 932 2201 simpliciter
951 2129 1073 2188 medam.

200 2205 353 2265 Enimvero
372 2207 494 2279 primum
512 2207 594 2264 nobis
613 2205 677 2265 sons
687 2205 866 2278 indagandus
881 2211 933 2278 est,
953 2205 1029 2264 unde
1043 2203 1112 2262 ddc-

124 2278 237 2358 τήσεως
250 2283 380 2356 exempla
388 2290 528 2355 petamus.
543 2283 673 2354 Namque
684 2282 863 2340 celeberrimi
873 2283 950 2340 illius
963 2281 1040 2340 obeli
1052 2287 1112 2341 tam

122 2373 193 2416 rara
210 2359 334 2431 vestigia
354 2365 467 2418 exstant
485 2358 537 2417 sub
550 2359 711 2417 Aristarchi
729 2359 853 2428 nomine,
872 2364 906 2417 ut
924 2365 1063 2431 congesta
1075 2375 1112 2417 ex

125 2433 260 2509 Schohis,
285 2452 321 2494 ex
338 2436 506 2509 Eustathio,
535 2452 570 2493 ex
588 2436 706 2508 reliquis
726 2435 927 2508 scriptoribus,
951 2436 1047 2495 omnia
1064 2435 1113 2494 vix

122 2511 246 2584 triginta
264 2511 393 2571 versibus
407 2511 596 2585 suspicionem
606 2513 769 2586 importent.
801 2511 847 2570 Ea
858 2527 905 2570 res
915 2528 961 2571 me
973 2512 1112 2585 pedeten-

123 2587 176 2646 tim
193 2587 312 2646 adduxit
326 2589 356 2646 in
373 2589 449 2648 hanc-
459 2589 631 2661 opinionem,
650 2594 683 2647 ut
695 2588 780 2649 hodie
794 2585 948 2668 uider-icccc
960 2588 1113 2647 clarissimi

123 2663 224 2722 (lritici
241 2666 331 2724 multo
345 2666 460 2739 saepius
473 2666 533 2737 legi
545 2671 642 2738 putem
656 2681 742 2736 quam
754 2682 857 2724 nomen
871 2666 943 2738 eius,
962 2665 1111 2737 multoque

122 2741 260 2801 maiorem
279 2747 392 2814 partem
411 2743 588 2801 notationum
605 2742 690 2799 huius
710 2743 833 2814 generis,
854 2757 928 2812 quae
947 2742 977 2799 in
990 2740 1112 2802 Scholiis

120 2818 184 2875 sine
205 2823 322 2877 auctore
342 2817 552 2889 afferunturtt),
572 2817 610 2875 ad
629 2818 691 2876 eius
711 2818 911 2877 anctoritatem
931 2816 1112 2876 referendam
1124 2848 1165 2890 ,ω

123 2909 197 2952 esse.
236 2894 270 2952 ld
290 2895 392 2966 quibus
412 2895 588 2967 argumentis
609 2894 789 2966 coniecerim,
809 2894 908 2966 paucis
929 2892 1053 2964 doceb03
1074 2909 1112 2952 an

123 2969 284 3043 probabilia
304 2987 340 3028 ea
359 2976 528 3043 argumenta
547 2971 612 3043 sint,
633 2970 757 3028 cuiusvis
778 2971 834 3028 erit
852 2969 989 3028 iudicare.

125 3093 323 3104 ——..-

190 3139 226 3206 ⁵³)
243 3139 348 3194 Saturn.
366 3138 400 3208 V,
417 3143 442 3194 3.

190 3226 226 3290 ⁵4)
243 3224 304 3280 Sive
321 3225 402 3280 verbo
418 3226 565 3294 ἀθετεῖται,
583 3225 611 3280 in
624 3224 721 3280 Scholl.
739 3223 874 3292 adscripto
886 3221 1042 3300 simpliciter
1052 3234 1112 3277 ver·

123 3292 197 3346 sibus
212 3293 259 3360 iis,
282 3293 372 3362 quiin
390 3299 467 3347 textu
483 3293 706 3363 praestantissimi
723 3291 781 3348 cod
798 3291 904 3359 virgula
921 3293 1019 3359 signnm
1036 3294 1112 3369 sunt:

123 3367 154 3416 uc
176 3361 205 3413 in
227 3359 319 3429 thaps.
336 3379 361 3416 a.
379 3365 488 3418 ao-a1.
508 3365 564 3416 11o.
584 3365 640 3416 raa.
661 3366 716 3417 rao.
736 3364 792 3416 192.
809 3363 868 3414 ms.
885 3362 943 3413 444.
961 3358 1033 3426 4743
1056 3371 1113 3437 uva

124 3428 215 3484 addito
233 3444 290 3483 voc.
308 3429 417 3496 ὀβελόςε
435 3435 466 3484 ut
483 3430 510 3483 d.
528 3433 587 3484 235.
599 3436 628 3483 at
639 3428 667 3483 id
678 3428 821 3484 rarissime.
850 3426 917 3481 Sunt
928 3430 1112 3480 tamencum

123 3496 183 3566 loci,
202 3496 247 3566 qni
264 3497 292 3550 in
304 3503 380 3552 textu
392 3499 499 3570 quidem
510 3497 611 3552 habent
622 3497 752 3566 virgulum
764 3493 910 3564 sobolum,
928 3493 977 3550 sed
986 3493 1116 3551 indicum
