2482 3960
579 775 608 854 Ι.

96 922 220 1013 Duplex
240 939 389 1012 inprimis
410 954 500 1009 genus
521 945 565 996 est
580 936 797 1009 emendationis,
819 936 896 1009 quod
917 936 998 997 libris
1014 945 1120 998 veta-a

90 1034 153 1075 rum
167 1017 313 1076 admoveri
327 1021 357 1074 et
369 1021 467 1087 potest
481 1021 510 1072 et
524 1015 606 1086 solet,
620 1020 653 1072 ut
666 1030 684 1071 a
697 1014 774 1071 vitiis
789 1019 819 1071 et
828 1015 956 1084 maculis,
973 1031 1044 1086 quas
1057 1032 1093 1074 ex

92 1095 179 1165 longa
198 1092 432 1165 peregrinatione
452 1092 481 1147 iu
501 1090 665 1149 barbariem
678 1091 774 1149 varias
789 1090 984 1162 plurimasque
997 1096 1094 1150 traxe·

92 1176 168 1241 runt,
178 1170 303 1240 liberati,
314 1168 432 1240 propius
444 1166 481 1225 ad
492 1167 639 1238 antiquam
651 1171 680 1224 et
691 1182 771 1223 suam
782 1165 902 1224 formam
912 1173 1093 1226 revocentur.

91 1245 223 1303 Alterum
242 1246 307 1318 plus
327 1244 437 1316 negotii
458 1250 501 1315 et,
530 1259 622 1315 paene
644 1242 779 1314 dixerim,
806 1259 962 1303 aerumnae
987 1243 1093 1316 babct;

92 1323 215 1379 alterum
228 1322 293 1393 plus
308 1321 419 1379 otiosae
434 1319 649 1378 delectationis:
664 1325 826 1391 utrumque,
840 1324 921 1378 recte
935 1320 960 1378 si
974 1320 1091 1379 adhibe

91 1404 148 1468 tur,
169 1398 239 1454 utile
260 1403 317 1467 est3
338 1403 369 1454 at
389 1397 511 1454 alterum
532 1397 639 1454 utilius.
672 1396 748 1453 Nam
762 1395 811 1467 qni
826 1397 941 1468 optimis
955 1396 1093 1455 subsidiis

91 1474 137 1530 vel
155 1474 270 1530 minima
284 1473 450 1543 instructus,
466 1473 636 1545 scriptorem
649 1472 731 1530 nobis
746 1471 971 1531 emendatiorem
986 1473 1093 1545 reddit,

92 1550 152 1606 sive
171 1549 287 1620 ingenio
308 1564 369 1618 suo,
390 1549 450 1605 sive
470 1558 626 1620 paucorum
646 1547 785 1607 librorum
804 1565 876 1620 usu3
898 1549 1026 1621 quamvis
1046 1551 1095 1608 vix

91 1625 212 1696 triginta
225 1640 332 1682 naevos
347 1625 505 1695 sustulerit,
521 1629 637 1682 centum
651 1626 804 1697 relinquat,
820 1641 885 1682 eum
899 1630 996 1683 tamen
1009 1642 1094 1686 nemo

91 1702 128 1758 de
148 1701 230 1760 bonis
251 1700 356 1758 litteris
376 1699 450 1758 bene
470 1701 574 1759 mereri
594 1707 691 1773 neget.
712 1702 814 1773 Itaque
833 1717 881 1760 res
902 1698 965 1759 fieri
978 1703 1093 1761 solebat

90 1783 151 1834 tum
170 1777 300 1848 maxime,
321 1792 408 1848 quum
426 1776 494 1834 libri
510 1778 619 1836 calamo
633 1778 734 1850 scripti
746 1793 803 1836 uon
816 1778 859 1836 ita
873 1778 987 1852 pridem
1000 1779 1090 1851 prelis

89 1852 192 1910 subiici
212 1854 388 1925 coepissent,
414 1854 500 1924 inque
529 1853 591 1912 dies
612 1870 723 1912 summa
742 1870 880 1913 uovorum
899 1854 1092 1914 subsidiorum

91 1931 268 2000 exspectatio
296 1935 382 1986 esset.
423 1930 514 2000 Quem
533 1947 641 1988 morem
661 1936 764 2003 postea
783 1931 914 2003 plerique
941 1936 1008 1988 sunt
1028 1931 1093 1989 imi·

89 2006 145 2063 tati
165 2005 202 2062 ad
215 2012 342 2063 nostram
356 2010 491 2077 aetatem,
513 2008 600 2064 etiam
612 2008 643 2063 in
656 2008 692 2064 iis
706 2006 904 2078 scriptoribus,
925 2007 975 2078 qui
988 2007 1091 2064 critica

89 2082 214 2138 materia
234 2087 263 2140 et
283 2082 359 2139 omni
373 2097 479 2152 genere
494 2081 724 2140 adiumentorum
737 2081 925 2139 abundarent.
945 2082 1089 2140 Nimirum
1104 2100 1119 2138 c

91 2158 177 2229 pauci
206 2173 343 2216 novarum
372 2159 571 2215 recensionum
591 2165 724 2216 auctores
747 2158 789 2215 ita
813 2162 917 2229 agunt,
949 2162 1001 2215 aut
1029 2174 1093 2217 eam

92 2233 199 2291 laboris
220 2233 391 2305 patientiam
411 2232 547 2304 efferunt,
573 2241 605 2292 ut
633 2250 668 2292 ex
693 2234 764 2292 locis
791 2234 861 2291 satis
882 2248 971 2306 saepe
993 2250 1094 2294 recon-

92 2309 161 2365 ditis
183 2314 213 2366 et
232 2309 403 2381 disparatis,
423 2310 453 2366 iu
472 2309 630 2382 primisque
651 2326 686 2368 ex
705 2310 851 2369 veteribus
873 2311 1093 2386 exemplaribus,
1179 2373 1181 2376 Α

91 2401 204 2443 omnem
233 2387 405 2443 varietatem
429 2386 560 2444 lectionis
591 2386 774 2458 contrabant,
806 2402 863 2458 qua
892 2385 998 2445 deinde
1028 2404 1094 2446 cum

92 2461 218 2532 vulgatis
238 2467 413 2533 comparate,
434 2467 614 2521 constantem
629 2463 856 2522 emendationem
874 2463 1093 2535 aggrediantur.

92 2537 182 2596 Immo
203 2539 363 2617 consistunt
382 2536 443 2596 fere
463 2544 524 2596 tum
545 2538 668 2611 demum,
688 2540 738 2598 ubi
751 2539 918 2611 impeditior
932 2555 1032 2598 sensus
1046 2541 1093 2599 vei

92 2614 157 2684 ipsa
177 2613 274 2686 specie
287 2613 477 2672 ‘manifestum
497 2615 597 2673 vitium
616 2617 767 2687 obiicitur3
788 2617 846 2674 iam
866 2615 904 2673 ad
924 2617 1019 2674 variam
1034 2616 1093 2675 lec·

91 2690 185 2748 tiones
205 2689 315 2747 autad
335 2696 417 2749 vetus
439 2691 585 2764 exemplar
604 2690 786 2764 confugiunt,
813 2690 903 2750 surda
921 2693 1093 2764 plerumque

91 2767 224 2837 oracula,
249 2766 306 2824 nisi
331 2772 497 2826 constanter
516 2769 740 2827 consulentibus.
779 2769 882 2840 Neque
901 2769 1022 2826 multum
1049 2769 1100 2826 di·-

93 2857 178 2899 versa
196 2842 271 2901 ratio
293 2848 338 2901 est
358 2859 471 2915 eorum,
498 2844 560 2916 qui,
587 2846 767 2917 quantumvis
791 2844 937 2903 interdum
957 2844 1035 2903 docti
1055 2860 1091 2903 ac

93 2918 240 2991 sollertes,
266 2936 377 2978 omnem
404 2919 634 2979 emendationem
658 2937 694 2980 cx
721 2923 831 2993 aliquot
848 2920 987 2979 librorum
1006 2921 1092 2980 MSS.

92 2991 149 3051 fide
169 3011 337 3067 suspensam
361 3012 425 3055 esse
445 2997 557 3069 volunt,
583 3003 635 3055 aut
654 2999 704 3070 qui
722 3003 821 3067 texta,
846 3012 920 3069 quae
944 3003 1092 3069 vocantur,

92 3070 180 3142 plane
202 3071 291 3129 edunt
311 3072 349 3130 ad
369 3074 452 3130 unius
473 3073 647 3146 exemplum3
668 3075 746 3132 velut
766 3075 815 3132 isti
835 3073 953 3136 tandem
972 3074 1040 3132 libri
1054 3074 1093 3132 ad

91 3146 241 3219 scriptoris
261 3149 384 3207 salutem
404 3148 471 3208 fatis
492 3149 629 3208 destinati
649 3157 754 3210 essent

151 3223 197 3280 Ab
217 3222 273 3281 boc
291 3224 399 3283 leviore
420 3233 450 3284 et
470 3227 552 3298 quasi
573 3226 732 3288 desultorio
746 3243 852 3300 genere
865 3225 1020 3300 plurimum
1034 3225 1094 3285 dis-

44 3299 195 3374 j⁸crepat
214 3299 300 3371 iusta,
321 3307 464 3372 perpetua
484 3309 514 3359 et
534 3303 620 3360 certis
641 3304 713 3361 artis
732 3304 846 3376 legibus
865 3303 933 3359 nixa
951 3302 1092 3362 recensio.

92 3373 126 3432 In
140 3375 190 3433 illo
204 3376 275 3433 nibil
288 3392 380 3449 prope
394 3377 482 3450 aliud,
496 3395 581 3451 quam
594 3380 702 3451 passim
716 3380 860 3439 exstantia
872 3379 1004 3450 aliquove
1016 3379 1092 3438 libro

92 3451 209 3523 prodita
221 3453 341 3511 vulnera
354 3469 458 3512 sanare
472 3456 616 3527 volumus,
633 3457 854 3515 transmittimus
867 3456 961 3530 plura,
976 3454 1014 3513 ad
1028 3470 1094 3512 seu-

117 3550 204 3601 Wolt,
217 3552 386 3603 Prolegomena.
940 3565 960 3602 t
