2482 3960
560 246 740 301 —128-

150 395 237 464 qunm
258 392 468 452 Grammaticus
493 392 670 467 provinciam
696 407 777 450 suam
804 407 943 464 egressus
965 396 1165 454 constantiam

97 477 135 520 soa
149 485 218 527 nsns
237 466 400 528 inflecteret
419 469 458 528 ad
478 470 603 544 speciem
622 467 766 540 quandam
787 469 952 542 analogiae,
975 476 1007 528 et
1021 471 1056 528 in
1070 472 1161 545 ipsum

149 544 294 605 dominum
312 546 429 619 linguae
449 546 600 605 affectaret
618 543 824 618 imperiumn).
858 545 946 605 Adde
968 546 1114 622 deniqne,
1132 548 1160 606 id

145 722 275 792 γεγώνειν
293 720 427 776 addiderit
444 736 535 775 casum
553 727 693 789 quartum:
712 721 740 774 in
759 737 812 804 quo
832 727 906 774 certe
923 736 980 775 non
991 725 1157 791 potnitcon-

147 797 222 844 stans
240 805 311 856 esse,
334 805 416 858 quum
433 789 492 857 illa,
515 791 644 842 Δαναοῖσι
660 805 799 858 scymnus,
830 786 957 859 Τρώεσσι
973 793 1116 859 γεγωνώς
1131 799 1156 846 01

147 857 244 911 similia
267 857 345 925 plura
367 856 449 910 talem
475 857 652 911 mutationem
675 871 721 910 res
740 861 852 910 nerent:
876 876 901 924 y.
920 857 963 912 71.
982 862 1028 914 92.
1055 864 1153 930 1114.

147 924 219 994 quod
231 922 356 988 ἀμείνων,
375 924 488 992 γλυκίων
507 931 535 977 01
552 925 606 978 alia
622 924 702 978 huius
725 939 816 978 ormae
835 924 974 992 scripserit
985 926 1050 980 sine
1064 927 1153 982 ultima

147 994 247 1062 littera,
265 993 376 1056 ἀμείνω,
393 992 492 1060 florino
510 996 584 1060 [num
603 993 815 1046 accusativorum
835 993 990 1062 quoquellt
1017 1010 1075 1063 quo
1093 1009 1152 1050 sane

145 1061 213 1114 nihil
236 1060 376 1115 absurdius
402 1067 443 1114 est
466 1067 494 1115 et
511 1060 651 1128 analogiae
668 1060 754 1128 magis
772 1075 944 1181 repugnans:
966 1061 998 1126 β.
1021 1066 1065 1117 36.
1085 1063 1151 1132 qnod

145 1128 228 1183 verba
251 1128 392 1197 singularis
418 1129 524 1182 numeri
546 1128 645 1196 ubique
669 1144 729 1183 cum
747 1142 848 1182 nommr
867 1143 898 1182 us
916 1129 1024 1183 neutris
1042 1131 1150 1198 pluralis

145 1196 279 1259 iunxerit,
303 1212 338 1250 ex
361 1196 465 1264 vulgari
492 1196 697 1264 consuetudine,
721 1210 803 1263 qnam
821 1195 849 1248 in
867 1195 926 1248 aliis
962 1211 1000 1250 uo
1021 1213 1057 1252 ue
1073 1199 1150 1253 rebus

145 1279 288 1331 perperam
307 1269 414 1317 secutus
431 1263 544 1317 videtur.
581 1263 664 1317 Utin
681 1263 850 1317 anacoluthis
869 1212 994 1330 01101101
1017 1265 1050 1332 ‘,
1068 1266 1150 1335 quabs

144 1331 264 1452 ltili
280 1330 509 1454 11111111
525 1331 1150 1456 1011111111111.·

145 1467 245 1520 saicam
263 1418 412 1535 σονάφεξαν
431 1467 579 1520 vinciendis
597 1439 647 1535 per
664 1466 816 1535 participia,
835 1473 962 1534 tanquam
975 1469 1006 1533 β.
1022 1470 1080 1525 187.
1090 1419 1147 1522 pb'bv

145 1541 185 1604 τῷ
201 1533 264 1602 βάς,
284 1534 308 1593 ἔ.
323 1539 380 1591 169.
399 1536 533 1602 ἐπιθεῖσα,
552 1535 599 1588 nbi
615 1535 794 1588 benemonet
812 1533 899 1588 Schol.
934 1535 1014 1590 Idem
1032 1543 1148 1606 notatur,

145 1601 217 1670 qnod
239 1602 366 1656 nescierit
388 1603 534 1657 Homerum
558 1602 737 1674 παραλλήλους
761 1603 871 1655 τάττειν
895 1602 944 1662 τὰς
971 1603 1145 1671 amabamus

145 1688 195 1730 σας
218 1670 318 1732 λέξεις;
344 1673 447 1724 1666.
471 1688 498 1739 φ.
520 1673 557 1724 17.
577 1676 605 1724 01
623 1670 698 1738 alibi,
724 1669 834 1739 quodfi
870 1685 927 1723 ram
945 1672 1070 1726 κατὰτὸ
1089 1693 1145 1726 cw-

144 1739 269 1802 πώμενον
286 1755 340 1792 non
350 1737 516 1808 custodierit,
536 1745 627 1793 notam
640 1739 720 1792 etiam
736 1738 826 1793 ebat.
858 1737 997 1793 choliastis
1008 1747 1061 1795 etc.
1080 1741 1146 1796 Nam

144 1805 210 1858 satis
227 1805 275 1858 illa
293 1805 399 1874 docent,
436 1821 499 1860 uam
516 1806 602 1859 multa
618 1805 766 1861 debeamus
783 1805 987 1874 Grammaticis,
1009 1809 1146 1865 Zenodoto

144 1873 347 1942 posterioribus,
366 1874 412 1942 qni
449 1889 497 1927 aec
515 1874 612 1942 omnia,
642 1889 711 1942 quae
730 1873 764 1928 ad
783 1873 984 1942 grammaticam
1002 1876 1146 1948 ἀκρίβειαν

145 1946 173 1993 01
188 1939 285 1995 bonam
303 1941 552 2009 interpretationem
569 1949 700 2009 spectant,
719 1941 754 1996 ad
771 1941 888 1996 rectiora
905 1950 1056 2013 praecepta
1073 1961 1145 2001 rovo-

144 2015 245 2062 carnnt.
283 2011 324 2063 Ac
347 2009 476 2064 nonnulla
500 2009 606 2063 illorum
628 2009 750 2077 proiecto
774 2009 892 2077 permira
910 2016 972 2063 sunt
990 2010 1020 2065 in
1037 2012 1145 2078 0111100,

143 2079 303 2143 praesertim
322 2092 362 2146 eo,
386 2079 433 2146 qni
451 2077 509 2145 ipse
526 2093 620 2131 versus
637 2083 778 2146 pangeret,
802 2077 918 2131 maxime
937 2075 1049 2149 ἄμετρα
1066 2097 1145 2149 qnae

144 2145 213 2213 dam,
232 2151 262 2199 ut
281 2145 364 2200 Gatal.
384 2147 425 2201 27.
447 2149 504 2200 165.
524 2147 545 2205 C.
564 2150 599 2200 34
628 2166 649 2198 ν.
665 2146 731 2212 172,
750 2145 841 2212 qualia
858 2151 949 2198 tamen
966 2162 1022 2201 non
1040 2149 1147 2203 suntin

142 2213 228 2273 tribus
245 2213 464 2334 Epiglrammatis,
483 2229 552 2282 quae
570 2213 619 2267 sub
637 2213 696 2267 eius
712 2213 821 2266 nomine
845 2219 953 2267 exstant
970 2215 999 2269 in
1016 2215 1146 2272 Brunoldi

142 2281 289 2347 amiects,

212 2367 247 2435 ⁷⁸)
265 2365 309 2418 Ex
326 2366 378 2420 hoc
396 2366 470 2420 fonte
488 2380 609 2419 manasse
621 2366 748 2419 videntur
762 2381 868 2444 errores
879 2366 971 2433 plures
984 2382 1019 2421 ex
1028 2371 1149 2448 superio·

140 2433 223 2500 ribus,
242 2433 308 2486 ethi
326 2434 454 2499 maxime,
476 2434 505 2486 in
522 2433 686 2513 declinandis
699 2433 910 2553 lpronominrbus·
930 2436 1107 2517 commissrua,
1119 2439 1146 2492 7.

141 2500 214 2567 Quos
232 2516 314 2568 quum
331 2506 426 2554 notant
444 2500 616 2568 Schohastae,
640 2517 697 2555 mso
710 2507 784 2556 entra
800 2517 841 2554 rer
859 2501 932 2569 facit,
955 2508 987 2554 111
1005 2503 1056 2558 hos
1074 2519 1146 2574 ipsos

356 2282 394 2335 ΙΙ.
412 2298 439 2350 p.
457 2285 499 2334 61.

140 2569 254 2636 primum
280 2568 371 2636 legens
397 2575 516 2622 monstra
542 2568 646 2637 fingere
674 2575 760 2637 putet.
800 2568 870 2623 Nam
898 2568 926 2635 β.
949 2573 1011 2630 239.
1037 2590 1064 2624 r.
1088 2577 1147 2629 384.

140 2637 251 2690 tradunt
273 2635 348 2689 illum
363 2635 468 2690 dedisse
484 2637 531 2688 ἑοῦ
555 2654 604 2705 pro
629 2637 746 2704 genitivo
773 2637 902 2703 primitivi
919 2640 1090 2705 pronominis
1107 2642 1146 2709 lo,

140 2706 167 2756 29.
187 2706 244 2759 377.
261 2723 289 2775 χ.
299 2707 356 2757 216.
377 2709 438 2756 νῶϊν
457 2721 506 2772 pro
525 2705 678 2759 accusativo
697 2708 754 2769 νῶϊ,
773 2722 791 2755 α
811 2709 870 2760 336.
889 2708 976 2774 σφῶϊν
991 2722 1040 2774 pro
1053 2723 1143 2764 accus.

140 2776 220 2840 σφῶϊ,
237 2791 265 2835 μ.
284 2776 334 2826 366
361 2777 439 2840 σφῶε
450 2788 501 2840 pro
513 2773 675 2827 nominativo
688 2772 822 2826 secundae
834 2787 965 2839 personae
978 2779 1062 2843 σφῶϊ,
1081 2777 1144 2830 item

139 2840 168 2892 in
184 2841 266 2894 tertia
283 2856 398 2908 persona
415 2859 441 2896 α.
459 2844 483 2894 8.
501 2859 523 2893 κ.
542 2844 600 2895 546.
619 2844 696 2908 σφῶϊ
708 2855 758 2907 pro
777 2844 864 2908 σφῶε,
883 2841 956 2908 quod
968 2849 1145 2911 postremum,

139 2916 170 2961 ut
193 2909 296 2962 valdius
320 2909 431 2974 mirere,
455 2925 472 2962 a
491 2908 602 2962 Seleuco
625 2909 768 2976 probatum
792 2923 824 2960 ac
849 2908 1013 2964 refutatione
1031 2910 1143 2980 dignum

139 2976 261 3030 habitum
286 2982 327 3028 est
350 2975 383 3030 ab
401 2976 520 3043 Apollon
538 2976 614 3029 Alex.
634 2975 667 3029 de
686 2975 759 3043 Synt.
780 2976 815 3028 II.
833 2991 859 3042 p.
882 2976 938 3030 167.
973 2976 1019 3030 Ex
1036 2979 1142 3034 eodem·

139 3060 192 3112 que
210 3044 344 3110 discimus,
363 3044 391 3096 id
409 3044 480 3111 quod
498 3044 622 3098 varietati
640 3043 668 3097 in
687 3047 779 3097 01486
807 3042 899 3111 Odyss
920 3061 943 3096 r.
956 3047 1016 3098 358.
1029 3052 1058 3099 01
1070 3046 1145 3114 alibi,

138 3118 196 3165 tum
214 3112 355 3165 Ammonio
373 3127 397 3164 v.
417 3113 493 3175 ἐμεῖο
517 3117 545 3165 01
571 3116 630 3164 σοῖο
653 3110 812 3178 explicando
833 3110 956 3190 prodest,
974 3113 1144 3170 Zenodotnm

158 3180 289 3234 osscssiva
320 3181 396 3243 ἐμοῖο
427 3185 455 3232 01
483 3182 543 3231 σοῖο
568 3186 685 3233 mutasse
709 3179 736 3231 in
759 3178 898 3245 primitiva
923 3179 1001 3242 ἐμεῖο
1024 3188 1052 3235 01
1078 3187 1140 3235 σεῖο.

138 3196 206 3302 Eride
231 3248 357 3314 Apollon.
383 3247 398 3299 l.
417 3262 439 3300 c.
463 3263 489 3314 p.
511 3251 568 3301 161.
591 3246 638 3300 nbi
661 3247 733 3326 quod
756 3247 822 3300 dicit
847 3247 896 3307 τὰς
912 3249 1025 3316 γραφὰς
1042 3251 1095 3311 elo
1111 3249 1143 3305 Z.

138 3316 399 3384 ἀναφέρεσθαι,
419 3316 499 3382 plane
518 3313 604 3380 docet,
631 3320 777 3381 scripturas
796 3315 966 3368 Zenodoteas
983 3316 1039 3371 iam
1057 3321 1141 3373 Anto

138 3383 260 3460 ninorum
278 3399 344 3504 ἔξω
363 3382 525 3436 doctissimis
541 3381 692 3437 hominibus
704 3398 758 3436 non
770 3383 822 3436 nisi
834 3398 868 3435 ex
879 3383 992 3437 aliorum
1006 3386 1143 3455 excerptis

138 3458 260 3520 cognitas
318 3467 367 3505 sse.
