2498 3952
511 299 624 352 -149
650 326 688 336 -

107 448 257 506 sollertiae
268 446 444 505 emendantis
455 449 625 520 imputemus
632 446 677 518 ²⁸).
697 447 792 519 Atque
805 448 881 514 idem
894 445 1016 506 fortasse
1029 463 1092 504 sen-

106 524 237 583 tiendum
263 525 318 581 erit
343 523 380 581 de
405 524 533 582 omuibus
557 525 662 596 ineptis
689 529 718 582 et
736 525 885 582 maximam
905 529 1017 596 partem
1036 524 1092 582 iam
1105 530 1142 570 24⁸

106 601 173 660 olim
198 600 313 658 reiectis
339 600 509 659 lectionibus
535 601 616 672 eius,-
640 617 710 672 quas
735 617 788 672 ego
814 601 927 672 quidem
946 600 1091 659 Zenodoto

104 678 199 750 potius
219 681 270 734 aut
288 677 374 735 alicui
393 677 519 748 priorum
533 676 674 736 editorum
687 693 772 749 quam
784 677 950 736 Aristarcho
964 678 1091 748 assigua-

104 751 245 824 verim²⁹).
283 753 393 826 Nempe
413 753 492 810 aliud
512 759 564 825 est,
584 755 709 811 retinere
729 753 837 825 aliquid
849 755 879 811 in
893 759 982 825 textu,
1004 752 1090 824 aliud

104 830 266 888 adsciscere
284 830 404 901 primurn
424 830 469 887 vel
489 845 524 888 ex
538 831 701 889 coniectura
713 846 861 903 reponere.
890 830 981 888 Nemo
995 835 1092 887 autem

105 907 231 978 ignorat,
257 922 341 976 quam
366 907 395 962 in
423 907 477 965 hoc
500 923 606 978 genere
632 904 746 964 difficile
767 907 818 978 sit,
843 922 939 965 omues
965 906 1091 964 maculas

105 1000 191 1040 uuum
210 981 308 1040 ridere
329 989 358 1040 et
378 982 482 1055 eluere,
503 985 673 1055 praesertim
692 984 721 1039 in
734 983 807 1042 libro
822 983 978 1054 antiquitus
989 983 1092 1055 depra-

104 1065 185 1130 vato,
218 1064 247 1116 et
273 1075 337 1116 cum
365 1059 435 1131 ipsis
465 1059 716 1132 depravationibus
740 1075 827 1132 saepe
850 1059 880 1115 iu
904 1059 1091 1117 imitationem

107 1141 215 1205 tracto;
235 1135 321 1206 idque
341 1141 438 1193 aetate
458 1152 493 1193 ea
512 1135 616 1208 facere,
638 1151 712 1206 quae
732 1135 945 1208 grammaticam
966 1141 995 1193 et
1014 1135 1091 1192 criti·
1104 1141 1142 1182 244

105 1228 168 1269 cam
187 1208 334 1288 ἀκρίβειαν
353 1212 467 1270 vixdum
486 1218 582 1271 natam
601 1212 721 1270 viderat.

172 1407 388 1472 2814106108.
407 1406 489 1466 εἶπας.
511 1409 566 1461 157.
585 1408 716 1459 σκιόωντα
741 1412 798 1461 241.
818 1408 881 1460 τότε
900 1408 925 1458 δ’
945 1406 1011 1459 οὔτι.
1030 1408 1089 1461 447.

107 1477 192 1546 ἱερήν.
216 1479 275 1529 522.
301 1476 338 1544 μή
356 1495 387 1528 τι.
410 1477 437 1536 ῥ.
456 1478 514 1529 266.
539 1474 646 1542 ἔκφυγε.
669 1493 694 1543 7.
713 1480 770 1529 352.
797 1477 918 1544 δαμῆναι.
935 1479 994 1530 362.
1012 1475 1089 1545 αὐτῇ.

105 1547 129 1597 δ.
151 1547 206 1599 170.
228 1544 337 1606 πότμον,
361 1546 419 1596 426.
447 1543 494 1595 ἰόν.
522 1562 545 1595 ε.
564 1544 623 1597 272.
644 1543 774 1612 μήστωρε
799 1560 848 1611 pro
876 1544 1006 1612 μήστωρι.
1030 1547 1088 1597 881.

108 1611 283 1680 ὑπερφίαλον,
303 1613 324 1670 ζ.
342 1613 382 1665 76.
400 1611 496 1673 μάντις
513 1612 539 1662 τ’
558 1611 719 1670 αἰωναπόλος
736 1630 774 1665 τε,
792 1616 850 1666 288.
865 1609 903 1664 ‘H
918 1611 942 1662 δ’
963 1611 1001 1669 εἰς
1019 1609 1089 1661 οἷκον

104 1682 184 1733 ἰοῦσα
203 1680 356 1748 παρίστατο
365 1681 562 1759 ρωριαμοῖσιν.
580 1698 604 1747 η.
617 1680 657 1733 73.
676 1679 702 1730 δ’
722 1679 750 1741 ἐν
768 1681 822 1749 γὰρ
834 1680 917 1732 ἔασιν.
929 1683 987 1732 240.
1000 1677 1089 1746 δήΐων.

103 1753 165 1803 481.
191 1749 322 1810 τιέμεναι.
351 1766 367 1801 ι.
383 1750 424 1801 36.
453 1749 520 1817 ήμὲν
549 1749 604 1798 νέοι
628 1747 676 1818 ἠδὲ
701 1746 830 1815 γέμοντες
847 1765 873 1816 p.
892 1747 1025 1817 ἡγήτορες
1042 1746 1090 1816 ήδὲ

106 1819 246 1880 μέδοντες.
267 1819 323 1868 128.
342 1825 369 1868 et
385 1816 449 1868 alibi
466 1816 612 1878 ἀμύμονας.
647 1816 755 1876 (Zenod.
774 1817 906 1880 ἀμύμονα.
930 1814 963 1868 of.
981 1813 1089 1866 Hesiod.

107 1885 208 1951 Theog.
225 1886 295 1939 2641
316 1887 370 1937 132.
391 1881 484 1953 liudpr]
503 1881 552 1951 Βρ.
571 1883 614 1935 ἐπὶ
631 1885 661 1936 δέ
677 1902 704 1946 μ.
723 1886 745 1936 δ.
765 1888 878 1948 ὀμοῦμαι
897 1887 1018 1951 (propter
1029 1897 1089 1935 con·

108 1960 201 2006 struet.
220 1952 253 2003 ci.
272 1950 363 2018 Odyss.
381 1952 408 2017 β.
430 1956 499 2016 120)
516 1955 573 2006 322.
592 1953 752 2015 πολεμίζειν,
770 1953 804 2005 al.
823 1953 917 2018 opinor
934 1950 1089 2013 πολεμίζων.

105 2041 127 2072 κ.
145 2025 204 2074 341.
224 2018 309 2078 θῖιτός
326 2039 373 2078 τις.
393 2041 415 2072 ν.
433 2024 491 2074 384.
508 2020 569 2090 ἦλθ’
588 2020 758 2088 ἐπαμύντωρ.
776 2019 798 2078 ξ.
818 2024 875 2073 223.
893 2020 977 2089 μέσῳ.
997 2038 1018 2068 ο.
1030 2021 1089 2070 252.

108 2087 228 2146 ἵξεσθαι.
259 2092 316 2142 394.
348 2088 478 2152 ἀκέσματ’
507 2088 617 2140 ἔτασσε.
650 2107 674 2139 o.
701 2092 759 2141 506.
792 2087 945 2155 ἀμυιβηδόν.
978 2105 1005 2151 φ.
1034 2087 1089 2138 126.

107 2155 222 2214 ἐπαΐξαι.
247 2159 304 2210 265.
330 2157 457 2226 οἰμήσειε.
480 2160 584 2276 ξᾶ416.
608 2155 752 2224 κηδόμενόν
776 2173 837 2224 περ.
861 2159 919 2209 468.
942 2153 1012 2218 βάλε
1032 2153 1089 2204 δέσ-

105 2242 187 2287 ματα.
205 2227 234 2289 qb.
252 2228 310 2278 361.
330 2225 451 2293 δρόμους.
524 2239 555 2276 ec
574 2230 600 2275 et
618 2223 713 2276 similia
725 2225 861 2274 mediocria
874 2222 936 2290 dixi,
955 2219 1026 2288 quod
1037 2236 1089 2273 non

105 2291 246 2345 admodum
264 2299 368 2344 mutant
385 2291 551 2357 sententiam,
570 2298 687 2343 ceterum
704 2291 813 2347 ferenda
830 2291 931 2358 utique,
949 2291 971 2342 si
989 2289 1050 2341 olim
1063 2288 1089 2340 in

106 2360 228 2413 omnibus
250 2359 323 2413 libris
346 2359 466 2413 fuissent.
501 2360 578 2412 Nunc
601 2374 663 2412 vero
687 2359 776 2411 insunt
793 2359 923 2426 quaedam
941 2357 1045 2410 illorum
1062 2357 1090 2408 iu

105 2427 177 2495 vulg.
194 2435 271 2480 textu
289 2435 387 2494 nostro,
410 2443 479 2495 quae
497 2443 538 2480 me
557 2427 637 2480 etiam
654 2427 791 2493 poeniteat
808 2426 953 2495 reliquisse,
976 2425 1089 2478 maxime

105 2495 170 2548 iilud
187 2497 316 2565 μήστωρε
334 2514 356 2549 ε.
373 2499 432 2551 272.

172 2581 208 2646 2⁹)
224 2581 314 2634 Etiam
343 2581 422 2634 huius
449 2582 553 2649 generis
579 2581 721 2634 lectionum
747 2581 852 2634 brevem
876 2581 988 2635 indicem
1008 2578 1091 2632 dabo:

106 2647 134 2701 Α.
152 2652 209 2702 434.
228 2650 344 2717 ἀφέντες
355 2649 398 2702 vel
413 2650 535 2716 ἐφέντες.
547 2654 605 2704 518.
629 2647 701 2718 Ἥρη
719 2650 845 2703 nominat.
862 2669 886 2717 γ.
897 2653 954 2703 326.
967 2649 1089 2700 ἑκάστου.

109 2719 166 2770 348.
185 2726 212 2769 et
229 2736 256 2778 ρ.
270 2721 310 2770 44.
330 2724 357 2770 et
375 2718 438 2770 alibi
457 2733 536 2785 saepe
555 2720 617 2769 οὐδ’
637 2716 752 2787 ἔρρηξεν
789 2717 871 2776 αλκός.
892 2718 914 2770 δ.
929 2720 968 2772 17.
982 2715 1015 2767 αὖ
1027 2734 1090 2774 τως.

109 2801 131 2836 ε.
152 2786 209 2838 874.
238 2785 264 2836 δ’
284 2783 420 2854 ἀνδρεσσι.
447 2805 471 2854 η.
489 2791 530 2840 64.
558 2787 662 2838 πόντον.
691 2790 744 2839 197.
768 2737 849 2836 ἔλων.
876 2789 934 2839 304.
958 2785 1092 2852 ἐκϋμήτῳ.

106 2853 134 2904 δ.
154 2857 209 2906 109.
228 2854 359 2922 κομείτην.
377 2858 435 2908 449.
454 2856 533 2905 τοῖον.
552 2874 568 2906 ι.
588 2858 627 2906 18.
645 2853 729 2920 μέγας
746 2852 790 2919 (cf.
809 2852 913 2920 Didym.
932 2853 966 2905 ad
983 2855 1011 2917 β,
1023 2854 1090 2919 111.)

104 2922 146 2974 66.
164 2921 343 2990 φυλακτῆρας.
360 2922 419 2974 214.
437 2922 576 2990 ἀταείρας.
595 2923 652 2976 297.
666 2922 842 2989 τιμήσωνται.
862 2923 919 2977 576.
931 2920 1019 2990 ψιλῆς.
1032 2923 1090 2973 601.

105 2988 988 3120 {miigiffit'iia223t.⁶{”²0'}.f‘ir⁷ii⁶1442305ff4⁵33433
1007 2988 1091 3108 diii}

106 3124 162 3194 δίῳ.
187 3127 245 3178 775.
269 3127 283 3176 ὁ
301 3126 331 3176 δὲ
349 3077 534 3194 στροφάλιγγι,
554 3125 625 3194 quod
642 3124 769 3178 remansit
786 3125 873 3179 adhuc
891 3075 1033 3192 Odysffl
1049 3128 1090 3178 39.

104 3220 136 3232 -·
155 3210 183 3260 ρ,
201 3197 242 3248 27.
264 3193 326 3244 οὐδέ
343 3211 382 3247 τε.
401 3197 458 3246 202.
482 3194 511 3245 αἳ
529 3195 570 3263 δή.
594 3198 651 3248 681.
675 3191 765 3245 ἴδοιτο.
789 3212 814 3247 o.
833 3198 891 3248 485.
909 3193 1090 3260 ἐστεφάνωκε.

105 3278 129 3313 ο.
147 3264 206 3315 228.
225 3258 327 3314 ἄλλοτε.
351 3265 411 3315 255.
435 3260 518 3313 πολλὰ
541 3263 577 3313 τά
595 3279 625 3315 τε
643 3261 685 3313 καὶ
703 3261 767 3313 οὐκί.
785 3280 812 3329 φ.
832 3265 890 3315 252.
914 3261 1028 3323 μέλανός
1045 3278 1090 3313 του

105 3329 194 3395 (τινός.
212 3329 245 3382 cf.
263 3329 297 3382 ad
316 3349 346 3381 ω.
359 3331 428 3396 315.)
443 3347 470 3400 χ.
482 3332 540 3384 475.
558 3329 686 3398 ήμτνυτο.
705 3329 785 3383 Plura
802 3329 830 3382 in
846 3330 888 3382 his
906 3345 1011 3397 quoque
1030 3333 1091 3381 sunt

104 3397 245 3450 manifesta
261 3397 358 3451 menda
375 3407 530 3465 sompturae.
