2482 3960
590 284 764 337 ,36-

178 429 347 491 facilitatem
366 431 583 504 perduceretur.
622 429 739 489 Etenim
759 440 896 504 quantum
918 440 947 492 et
967 451 1053 505 quam
1074 436 1126 494 diu
1147 439 1179 496 in

177 506 231 566 hoc
252 524 358 580 genere
379 508 540 567 laboratum
561 507 598 563 sit
618 507 685 565 olim
699 508 951 568 instrumentorum
966 512 1097 583 penuria,
1119 514 1179 571 sin·

178 583 297 655 gulatim
316 584 452 658 persequi
472 585 566 658 ipsum
585 583 668 642 labor
689 590 741 642 est.
775 585 849 643 Eum
866 593 963 645 tamen
976 587 1104 646 laborem
1117 606 1177 649 non

177 661 290 733 omnino
311 659 456 733 defugiam
477 675 575 719 corum
597 660 700 731 gratia,
721 660 770 731 qui
789 662 873 720 nimis
895 663 1003 720 assucti
1016 679 1178 736 pennarum

177 751 292 794 suarum
318 736 539 808 chartarumque
563 736 677 793 levitati
703 735 888 796 difficultates
908 739 1072 799 huiusmodi
1093 758 1111 800 a
1130 758 1179 801 me

175 818 295 884 praeter
314 812 429 873 modum
450 812 552 885 augeri
571 817 682 884 putent.

252 888 429 948 Percurrant
448 906 518 962 ergo
538 904 648 946 mecum
670 904 714 961 ea,
734 890 764 946 in
786 890 888 962 quibus
910 892 1062 964 graphium
1083 893 1175 953 Grae·

175 979 272 1023 corum
294 966 477 1038 abantiquis
504 964 692 1037 scriptoribus
712 966 838 1024 traditur
863 967 1023 1026 miserrime
1043 969 1175 1029 haesisse

175 1039 213 1098 ad
234 1045 379 1100 saeculum
399 1041 461 1100 iere
481 1042 529 1100 VI.
551 1047 618 1100 ante
640 1040 715 1115 Chr,
736 1058 792 1113 quc
811 1043 933 1116 primum
948 1044 1042 1102 biblus
1057 1062 1109 1104 seu
1122 1063 1175 1119 pa·

174 1133 262 1190 pyrus
272 1119 410 1178 maiorem
421 1119 651 1177 commoditatem
661 1119 759 1176 attulit
765 1117 811 1191 22).
827 1119 884 1178 Sed
895 1118 963 1178 folia
975 1126 1005 1178 ct
1014 1121 1118 1180 librum
1129 1140 1175 1181 ar-

136 1208 161 1248 so
174 1192 276 1251 horum
289 1193 414 1267 Sibyllis,
427 1195 497 1252 item
508 1191 639 1253 fabuloso
649 1193 753 1253 Darcti
764 1201 793 1252 ct
803 1196 965 1255 amantibus
976 1197 1173 1272 relinquimus,

175 1270 230 1326 etsi
240 1270 318 1327 illius
333 1271 421 1329 moris
431 1271 584 1342 vestigium
595 1269 739 1341 quoddam
750 1272 842 1329 videri
852 1272 944 1344 possit
955 1289 1018 1331 csse
1030 1274 1059 1330 in
1069 1270 1174 1352 ἐκφυλ-

87 1398 88 1402 ,
175 1344 296 1422 λοφορίᾳ
317 1351 347 1404 et
366 1347 395 1403 in
408 1346 560 1420 petalismo
575 1346 754 1418 Syracusano
769 1346 900 1418 [Diodor.
914 1348 965 1406 XI.
981 1353 1039 1422 87].
1070 1351 1173 1424 Neque

173 1421 246 1480 adeo
271 1423 301 1479 in
321 1423 435 1480 testulis
455 1422 610 1494 aliquando
629 1421 716 1481 scribi
730 1423 845 1482 solitum
859 1425 1009 1496 qnisquam
1023 1425 1123 1485 docuit
1138 1445 1173 1486 ex

174 1514 221 1569 eo,
249 1498 325 1569 quod
350 1515 405 1571 per
429 1499 495 1557 illas
521 1498 662 1571 quaedam
689 1499 827 1572 suffragia
846 1499 948 1558 fierent
967 1501 1097 1560 Athenis.
1139 1504 1172 1561 ln

172 1574 316 1647 lapidibus
338 1580 444 1648 autem,
465 1575 495 1632 in
514 1576 600 1648 lignis
621 1580 651 1633 et
670 1576 783 1634 laminis
803 1578 983 1636 metallorum
1003 1580 1096 1650 prima
1109 1585 1172 1638 ten-

172 1651 282 1710 tamina
300 1649 379 1709 iacta
399 1667 471 1724 esse,
491 1652 607 1710 minime
626 1650 743 1710 dubium
764 1658 821 1710 est:
843 1660 922 1711 certe
943 1655 1059 1725 optimis
1074 1663 1173 1716 aucto·

171 1726 251 1785 ribus
276 1727 470 1800 accredimuS‚
496 1729 577 1800 leges
606 1726 709 1800 ligneis
730 1729 836 1788 tabulis
858 1736 888 1787 et
907 1731 1007 1788 axibus
1028 1747 1046 1788 a
1066 1731 1171 1791 Solone

172 1803 294 1874 aliisque
315 1804 429 1861 incisas.
469 1803 509 1862 At
521 1804 588 1862 huic
600 1804 740 1862 materiae
754 1806 825 1863 alias
840 1821 924 1877 quam
942 1807 1075 1879 publicas
1093 1809 1171 1867 litte

173 1894 222 1937 ras
235 1879 417 1956 mandavisse
432 1879 569 1952 Graecos,
588 1896 672 1938 nemo
685 1886 795 1938 temere
809 1883 918 1952 credat,
939 1883 995 1940 nisi
1010 1884 1055 1941 cui
1065 1885 1171 1944 Boeoti

171 1956 370 2028 persuaserint
385 1956 421 2015 de
437 1957 572 2030 plumbeo
590 1973 641 2015 suc
659 1957 816 2029 exemplari
829 1950 937 2035 Ἔργων
948 1959 1077 2032 Hesiodi,
1093 1961 1170 2032 quod

172 2033 252 2091 iuxta
272 2031 380 2092 iontem
399 2033 546 2092 Heliconis
566 2033 639 2092 vidit
652 2032 864 2108 Pausanias23),
885 2035 936 2093 sed
947 2041 1092 2094 vetustate
1105 2038 1171 2109 plu-

132 2126 156 2165 s1
170 2109 250 2167 rimis
275 2109 407 2182 partibus
433 2115 598 2183 corruptum
618 2108 733 2168 videtur
751 2113 851 2182 legere
871 2128 927 2170 non
947 2113 1084 2184 potuisse.
1126 2113 1168 2172 Ut

170 2201 237 2245 vero
257 2185 372 2258 publica
383 2192 566 2245 monumenta
578 2187 657 2258 ligno
673 2192 760 2258 atquc
773 2189 907 2259 metallis,
927 2188 970 2245 ita
983 2193 1116 2260 utraque,
1138 2191 1167 2246 in

168 2262 268 2332 primis
281 2263 405 2334 privata,
424 2263 520 2321 linteis
535 2263 675 2335 inscripta
689 2279 761 2335 esse,
776 2279 914 2336 perquam
929 2263 1067 2320 credibile
1081 2262 1168 2337 foret,

169 2336 301 2395 simodo
326 2338 439 2396 omnino
463 2338 518 2397 hoc
544 2354 634 2409 genus
655 2338 828 2397 voluminum
855 2338 932 2411 apud
954 2337 1081 2396 Graecos
1106 2342 1167 2400 ullo

168 2418 300 2485 tempore
320 2413 458 2471 usitatum
471 2411 581 2470 fuisset.
613 2412 696 2485 Quod
711 2429 797 2485 quum
811 2430 894 2471 secus
908 2415 954 2484 sit,
974 2412 1063 2483 idque
1074 2430 1166 2485 genus

236 2590 271 2659 2²)
289 2589 435 2658 Vulgarem
453 2589 606 2657 opinionem
618 2588 766 2710 dessaplyro
776 2588 882 2643 invento
895 2567 1085 2657 Alexandriae,
1104 2607 1165 2657 prc-

168 2658 265 2712 iectam
282 2673 299 2712 a
315 2657 353 2711 M.
370 2657 492 2712 Varrone
510 2673 527 2711 a
548 2699 553 2710 .
571 2657 639 2710 Plin.
684 2659 733 2724 ll,
754 2660 793 2725 ll,
811 2662 861 2724 21„
878 2657 970 2725 plures
988 2658 1041 2711 iam
1059 2658 1164 2724 pridem

167 2725 293 2779 viderunt
309 2723 404 2780 falsam
422 2740 487 2779 csse.
543 2724 662 2779 ninivem
687 2725 792 2779 locutus
814 2725 921 2779 ridetur
939 2728 1023 2779 Varro
1043 2726 1076 2779 de
1095 2741 1165 2780 com·

167 2793 286 2847 modicre
296 2793 410 2862 quadam
419 2794 523 2848 ratione
536 2792 674 2847 faciendae
684 2794 794 2847 chartae
805 2809 984 2861 papyraceac,
1003 2794 1076 2861 quali
1088 2801 1165 2848 aetas

167 2877 216 2916 sua
233 2862 367 2915 utebatur.
402 2861 484 2916 Cuius
501 2862 540 2914 rei
559 2861 644 2915 simile
662 2860 788 2929 quiddam
805 2861 943 2915 notabitur
960 2862 1050 2929 paullo
1063 2861 1164 2928 postia

167 2930 262 2984 charta
284 2929 458 2996 Pergamena.
498 2929 598 2983 Contra
621 2929 697 2982 nihili
721 2936 783 2983 sunt
805 2929 936 2996 rationes,
963 2935 1074 2996 propter
1096 2945 1164 2996 quas

166 2996 335 3064 scriptorium
347 3012 423 3051 usum
436 2997 531 3065 papyri
542 2997 608 3065 ipsis
617 2997 732 3052 saeculis
748 3003 839 3050 vatum
856 2999 976 3065 assignat
988 2995 1163 3051 Guilandinus

166 3065 311 3120 Commeat.
329 3065 358 3117 in
375 3069 392 3119 3
409 3065 476 3119 Plin.
494 3080 571 3132 capp.
589 3065 623 3119 dc
640 3081 745 3134 papyro
758 3065 796 3118 M.
808 3066 841 3120 Il.
854 3081 879 3132 p.
895 3068 997 3133 lisqq.
1026 3066 1064 3117 At
1075 3065 1161 3131 quinti

165 3148 189 3187 a.
202 3133 270 3186 Chr.
287 3132 386 3186 saeculi
403 3133 556 3187 testimonia
566 3132 695 3201 videmus,
713 3134 879 3188 comicorum
891 3140 1040 3200 poetarum,
1059 3131 1161 3184 Cratini

166 3207 194 3253 et
210 3200 329 3255 Platonis
347 3215 390 3268 ap.
408 3201 544 3256 Pollucem
561 3198 622 3253 VII.
641 3208 709 3254 extr.
727 3208 755 3254 at
774 3217 808 3254 ue
826 3200 957 3255 Herodoti
975 3201 989 3253 l
1005 3200 1021 3252 l.
1057 3198 1163 3252 Primus

165 3267 271 3322 illorum
287 3268 500 3338 βιβλιογράφυν,
524 3269 594 3323 alter
629 3269 716 3337 άρτας
734 3270 770 3323 ha
789 3269 842 3336 nit;
865 3269 969 3336 tertius,
988 3274 1015 3321 et
1033 3267 1055 3320 is
1074 3267 1161 3320 minus

166 3336 273 3404 quidem
296 3335 433 3405 ambigue,
460 3337 575 3402 βίβλους
597 3287 709 3405 1111131119
738 3337 804 3391 locis
821 3337 932 3404 βιβλία,
957 3337 1092 3413 atquein
1115 3335 1161 3388 illo

165 3405 230 3458 satis
248 3402 388 3472 significat,
407 3421 455 3459 sna
465 3409 556 3458 aetate
574 3422 627 3460 non
644 3421 742 3459 novum
760 3405 842 3460 fuisse
862 3421 938 3460 usum
957 3419 1062 3472 papyrr.

233 3491 268 3559 a)
286 3491 334 3560 rx,
351 3495 393 3545 31.
409 3507 436 3559 p.
455 3492 513 3547 ττι.
