2482 3960
520 279 699 332 ..31-

107 441 163 498 que
176 426 232 484 nisi
242 426 355 499 scirem,
369 442 454 498 qnam
465 424 550 484 facile
564 426 593 483 in
606 431 688 485 tanto
702 443 791 499 opere
800 426 926 486 minores
937 427 1108 488 offensiones

107 502 315 561 obumbrantur
333 519 502 575 magnarum
521 503 648 575 partium
661 504 764 576 nitore,
785 504 909 562 mirarer
919 507 1029 563 nullum
1044 505 1106 564 Ori·

106 580 240 651 ticorum,
254 585 336 637 vates
348 580 402 638 hos
416 579 455 638 ad
467 580 617 651 vulgarem
630 595 759 639 normam
773 580 995 654 emendantium,
1010 582 1105 641 adbuc

107 661 241 714 exortum
256 671 329 728 esse,
350 656 400 727 qui
413 661 536 727 quatuor
548 656 677 714 molestis
692 656 823 715 versibus
842 657 947 716 deletis
961 659 1054 718 locum
1067 661 1105 718 si-

104 732 204 790 milem
218 729 330 791 feceret
341 733 384 791 illi
394 751 424 810 p.
437 738 510 804 166,
525 748 614 803 seque
627 733 726 804 primis
740 733 913 806 politoribus
922 735 1023 794 horum
1039 735 1109 794 (lar-

107 809 217 866 minum
237 807 417 881 adiungeret.
449 809 505 883 Qui
524 808 550 866 si
564 808 636 866 illud
655 809 724 868 olim
747 808 893 883 fecissent,
916 813 960 870 uti
973 828 1022 871 eos
1036 812 1106 870 alibi

108 899 199 956 saepe
212 882 316 944 fecisse
330 885 468 944 credibile
483 891 536 957 est,
551 885 597 943 vel
612 886 699 944 etiam
713 902 739 945 v.
755 892 820 946 625.
834 887 946 946 initium
959 889 1025 947 novi
1039 889 1106 947 libri

107 961 283 1034 posuissent,
297 967 377 1022 certo
387 963 474 1022 credo
484 960 613 1020 futurum
622 959 721 1035 fuisse,
736 969 769 1021 nt
782 963 924 1021 tantulum
935 980 1054 1022 acumen
1065 966 1107 1021 in-

108 1037 195 1111 genia
205 1039 329 1097 omnium
339 1043 500 1113 temporum
511 1038 672 1097 deluderet.
686 1038 747 1096 Iam
757 1045 876 1111 praetor
886 1041 1048 1112 opinionem
1058 1057 1105 1100 res

110 1112 225 1173 cecidit.
245 1114 320 1174 Nam
341 1116 396 1174 etsi
414 1115 610 1175 vetustissima
624 1119 706 1172 aetas
721 1115 897 1173 Graecorum
910 1120 940 1172 in
954 1116 1105 1189 edolando,

109 1190 240 1250 ornando
253 1191 449 1264 oomendoque
462 1193 517 1252 hoc
529 1195 617 1264 poeta
630 1207 713 1249 omne
728 1192 854 1250 studium
868 1193 1027 1265 collocavit,
1040 1194 1106 1251 reli-

107 1267 170 1338 quit
185 1283 222 1325 ea
235 1272 333 1326 tamen
342 1268 546 1342 Pylaemenem
559 1268 643 1325 nimis
657 1269 715 1327 cito
728 1267 782 1327 fati
792 1270 836 1327 sui
846 1269 975 1340 oblitum,
991 1275 1020 1328 et
1031 1271 1107 1328 simi-

107 1344 147 1402 lia
159 1344 254 1416 plura,
269 1360 343 1416 quae
355 1344 455 1403 Oritici
467 1349 579 1420 postea,
593 1344 676 1402 unice
687 1351 868 1418 quaerentes,
883 1347 952 1418 qnid
962 1343 1108 1412 ἐποποιΐας

106 1421 201 1480 tenori
224 1425 254 1479 et
267 1422 324 1480 arti
337 1423 511 1494 conveniret,
531 1420 621 1480 obelis
636 1427 666 1479 et
677 1423 923 1482 emendationibus
938 1426 996 1482 11111
1010 1424 1048 1482 ad
1062 1441 1107 1483 or-

106 1496 204 1556 dinem
218 1502 248 1555 et
263 1498 445 1558 concordiam
458 1498 594 1571 redigere
608 1500 703 1558 conati
717 1498 835 1572 11111199).

533 1727 677 1804 XXXI.

108 1952 113 1959 .
178 1896 311 1955 Fuerunt
330 1897 485 1969 aliqnando
505 1898 678 1972 philosophi,
699 1899 748 1970 qui
767 1897 841 1956 hano
861 1898 985 1957 omnium
1005 1914 1102 1956 rerum
1117 1913 1157 1952 134

100 1989 136 2031 ac
157 1989 310 2045 corporum
330 1989 498 2047 compagem
526 1982 556 2033 et
583 1976 802 2034 universitatem
822 1990 878 2032 non
898 1980 993 2031 mente
1013 1976 1104 2032 numi·

169 2191 206 2260 99)
223 2190 422 2259 Nonnunquam
448 2192 535 2244 minus
558 2190 674 2244 feliciter
698 2191 741 2243 vel
760 2196 922 2244 constanter.
956 2191 994 2246 Ut
1012 2192 1039 2243 in
1057 2191 1102 2245 illo

98 2257 271 2327 Pylaemene,
287 2257 343 2312 lilio
360 2259 521 2327 Harpalioni
538 2260 566 2312 in
578 2259 658 2312 funus
675 2258 825 2325 prodeunte
844 2258 875 2312 11.
895 2278 916 2311 ν.
935 2262 1003 2326 658,
1021 2275 1102 2327 quum

97 2329 159 2396 ipse
179 2325 282 2380 occisus
300 2330 371 2381 'esset
388 2345 410 2382 ε.
429 2331 488 2382 578.
524 2329 565 2381 De
584 2344 637 2394 quo
656 2324 733 2379 nobis
750 2326 842 2394 plures
860 2327 979 2380 rationes
996 2327 1102 2381 illorum

99 2393 247 2463 propinant
264 2393 362 2449 Scholl.
381 2400 409 2448 et
424 2395 503 2449 Eust.
532 2395 634 2448 Earum
650 2394 734 2462 nulla,
753 2394 776 2448 si
794 2393 859 2462 quid
870 2395 958 2463 video,
976 2411 1041 2450 vera
1053 2403 1102 2464 est,

98 2478 154 2516 una
172 2461 251 2530 longe
270 2462 314 2516 ine
334 2462 445 2532 tissima,
463 2480 517 2532 qua
536 2464 687 2531 corrigitur,
705 2464 777 2526 μετὰ
796 2461 857 2515 d’od
875 2481 924 2532 σφι
941 2466 1034 2543 πατὴρ
1053 2465 1102 2516 κίε.

97 2531 178 2585 Hanc
202 2537 294 2584 tamen
311 2479 392 2584 fiam.
410 2532 515 2585 ornavit
533 2533 643 2599 proprio
662 2531 801 2585 versiculo.
837 2530 892 2585 Alii
910 2547 997 2599 nuper
1013 2548 1102 2599 rpsum

97 2602 208 2668 poetam
226 2597 367 2652 oblivionis
385 2599 560 2653 accusabant:
600 2601 654 2654 uod
666 2605 844 2653 commentum
857 2599 931 2667 nulli,
948 2605 1024 2667 puto,
1041 2600 1102 2653 Ari·

99 2665 268 2721 starchorum
285 2672 406 2720 veterum
424 2668 568 2735 probatum
582 2616 689 2721 luisset.
720 2667 789 2721 Nam
808 2668 876 2721 alius
894 2667 1002 2735 quidem
1020 2667 1048 2720 in
1059 2668 1102 2721 his

98 2734 182 2789 rebus
200 2733 280 2787 aliam
297 2733 403 2800 famam,
422 2742 470 2789 aut
487 2735 559 2789 idem
577 2736 606 2789 in
618 2736 729 2789 diversis
748 2735 855 2802 scriptis
873 2735 1007 2788 diversam
1025 2737 1101 2804 sequi

97 2807 198 2871 potest,
221 2818 275 2855 non
300 2802 371 2856 idem
396 2802 424 2857 in
449 2804 544 2858 eadem
561 2805 675 2869 variare,
694 2810 722 2855 et
740 2802 848 2870 quidem
866 2802 942 2855 brevi
960 2803 1100 2856 intervallo

98 2871 179 2924 unius
198 2869 294 2937 operis.
322 2871 445 2939 Denique
457 2872 512 2926 tale
525 2872 590 2941 quid
603 2871 728 2925 excidere
740 2876 831 2937 potest
842 2870 986 2923 recentiori
994 2876 1101 2938 poetae,

98 2937 206 2992 fabulas
224 2953 337 3004 operose
356 2941 501 3008 colligenti,
520 2956 574 2994 non
586 2941 675 3009 ἀοιδῷ,
694 2938 740 3005 qni
752 2939 780 2990 in
792 2938 843 3011 bac
856 2935 979 2991 doctrina
988 2937 1100 2992 habitat.

97 3006 200 3060 Melius
217 3010 291 3059 certe
311 3007 373 3061 olim
391 3007 499 3076 quidam
517 3015 659 3077 utrumque
678 3021 784 3059 versum
804 3005 1007 3074 expungebant,
1031 3022 1101 3075 quae

98 3073 258 3128 brevissima
275 3089 340 3128 sane
357 3076 402 3129 via
420 3083 461 3130 est
478 3077 512 3130 ad
531 3093 636 3131 omnem
654 3073 863 3142 discrepantiam
876 3080 903 3126 et
916 3073 1100 3128 difficultatem

98 3141 254 3197 tollendam.
291 3143 360 3197 Aliis
383 3160 448 3198 vero
472 3144 538 3199 locis
556 3145 616 3198 illos
634 3144 690 3198 sive
709 3143 813 3196 incuria
831 3142 886 3195 sive
904 3157 989 3208 prava
1005 3143 1100 3210 religio

99 3210 250 3278 deterruit,
277 3226 330 3280 quo
348 3213 435 3266 minus
454 3213 543 3266 omnia
560 3213 706 3280 elicerent,
731 3225 800 3279 qnae
817 3226 907 3263 rerum
925 3226 1054 3263 summam
1072 3216 1100 3263 et

99 3278 270 3347 aequabilem
296 3285 417 3334 tenorem
443 3282 592 3335 turbarent.
628 3281 672 3346 Ut,
691 3295 725 3332 ne
744 3279 797 3332 alia
814 3294 885 3331 nunc
903 3293 1053 3345 congeram,
1071 3278 1100 3330 in

99 3348 160 3415 ipsa
179 3347 376 3416 chorographia
393 3349 452 3416 agri
461 3349 571 3403 Troiani
588 3346 691 3418 aliquid
702 3347 825 3401 relictum
839 3351 883 3399 est
893 3344 1099 3413 discrepantiae,

98 3431 151 3469 nec
168 3415 303 3469 sublatum
321 3416 354 3469 ab
372 3417 440 3485 istis,
458 3417 534 3471 cuius
552 3433 633 3472 cause
651 3415 750 3472 nemini
769 3420 862 3469 auctor
880 3413 937 3481 sim,
963 3420 994 3466 ut
1011 3414 1099 3467 denuo

98 3483 210 3552 longum
227 3483 280 3536 iter
298 3484 434 3553 suscipiat.

127 3579 220 3626 Wolf,
235 3579 407 3630 Prologomm.
934 3579 948 3618 d
