2482 3960
554 267 734 318 ..12-

143 415 257 486 generis
277 413 414 485 reliquias
435 411 571 483 colligere
591 412 677 483 plane
697 414 825 485 oportuit
845 428 920 481 eum,
941 412 990 483 qui
1002 411 1145 482 integrio-

142 506 203 547 rem
223 496 333 548 textum
353 488 528 559 requirebat.
570 487 678 559 Quodsi
698 490 770 547 illud
789 490 932 547 industrie
959 486 1030 559 ieci,
1056 494 1147 558 atque

145 566 254 623 nullum
280 566 395 637 neglexi
414 566 521 635 locum,
547 564 624 621 unde
649 563 724 622 hanc
749 567 946 624 recensionem
971 564 1145 622 limatiorem

145 641 311 713 redderem,
331 641 402 698 nihil
420 640 490 698 mihi
509 639 686 698 laboravisse
706 641 823 713 videor,
844 648 1048 713 praeterquam
1068 639 1146 710 quod

104 726 128 764 2¹
145 734 193 776 res
214 720 278 791 ipsa
298 719 436 790 exigeret.
474 716 595 774 Minime
616 732 685 788 ergo
706 733 820 789 querar,
841 724 979 788 quantum
992 716 1144 775 molestiae

143 795 324 852 exhauserim
348 795 378 851 in
406 793 461 852 hoc
490 798 549 850 tam
573 793 751 851 diversarum
777 809 873 850 rerum
899 800 1017 865 paratu,
1045 793 1075 849 in
1100 797 1147 850 tot

142 871 329 943 scriptoribus
354 869 572 942 pervolvendis,
597 871 627 927 in
653 870 785 942 legendis
811 875 841 928 et
865 871 971 941 partim
996 869 1146 928 reconcin-

142 948 245 1005 nandis
265 947 402 1018 Scholiis,
429 950 516 1016 atque
535 946 566 1002 in
587 946 782 1018 conquirenda
809 951 839 1004 et
863 945 1036 1004 excutienda
1060 950 1146 1002 tanta

143 1028 173 1081 et
192 1039 334 1096 persaepe
353 1023 448 1080 inutili
468 1021 614 1094 farragine
634 1025 794 1094 glossarum
820 1030 850 1081 et
874 1023 1039 1080 lectionum.
1085 1021 1146 1078 Na·

142 1102 207 1158 vavi
226 1101 332 1172 libens,
359 1100 450 1170 quod,
471 1100 668 1170 qualecunque
688 1100 805 1170 navavi,
831 1105 861 1157 et
881 1099 918 1157 ad
938 1114 1031 1157 meam
1052 1097 1144 1169 ipsius

142 1177 306 1234 utilitatem.
345 1175 389 1232 Ac
407 1192 444 1232 ne
463 1174 536 1232 haec
555 1175 671 1246 quidem
692 1176 728 1233 de
762 1175 864 1233 studiis
889 1175 961 1232 meis
985 1171 1145 1246 praefarer,

145 1253 202 1310 nisi
221 1252 290 1309 mihi
310 1251 386 1309 ratio
407 1251 469 1308 eius
489 1252 585 1322 operis
611 1251 761 1309 reddenda
785 1259 876 1324 esset,
902 1252 932 1308 in
958 1267 1014 1322 quo
1040 1250 1144 1307 alienis

141 1328 288 1386 laboribus
308 1325 364 1384 frui
384 1343 441 1385 non
460 1327 569 1385 liceret.
609 1327 636 1384 A
662 1329 818 1386 iactatione
844 1328 1005 1385 industriae
1030 1330 1143 1384 tantum

143 1404 252 1476 absum,
273 1408 382 1461 utnon
401 1409 461 1460 tam
480 1403 561 1461 laudi
580 1404 650 1462 mihi
670 1403 734 1461 dari
754 1404 883 1476 cupiam,
904 1403 930 1461 si
949 1402 1144 1460 necessariam

142 1496 260 1553 operam
281 1496 337 1538 non
358 1479 553 1550 detrectarim‚
575 1496 660 1551 quam
680 1481 767 1552 vitio,
788 1481 812 1538 si
834 1481 880 1538 vel
900 1481 993 1538 minus
1014 1484 1093 1537 recte
1112 1479 1145 1534 in

144 1573 179 1615 ca
199 1557 252 1614 sim
273 1561 419 1646 yersatus,
439 1557 485 1613 vel
505 1555 660 1628 quidquam
681 1563 779 1616 certae
800 1556 993 1615 emendationi
1013 1553 1144 1627 profutu-

144 1649 207 1690 rum
227 1649 380 1692 omiserim.

596 1784 677 1857 VH.

200 1936 315 1994 Etenim
336 1935 407 1994 illud
426 1936 496 1993 mihi
516 1953 603 1994 unum
630 1938 809 2009 propositum
835 1936 889 1995 fuit
913 1940 1084 2011 praecipue,
1110 1943 1144 1996 ut

144 2019 253 2071 textum
267 2013 386 2072 Homeri
407 2012 444 2070 ad
464 2029 590 2071 normam
606 2013 738 2072 eruditae
752 2015 933 2085 antiquitatis
948 2015 1140 2086 emendarem,

144 2096 231 2160 atque
252 2105 316 2148 eum
336 2090 444 2162 verbis,
470 2090 715 2163 interpunctione,
737 2090 916 2162 accentibus,
942 2108 1032 2163 prope
1054 2091 1142 2148 talem

144 2166 317 2239 exhiberem,
338 2167 431 2238 qualis
452 2167 721 2240 crs-recensionibus
741 2168 809 2225 olim
828 2167 1039 2239 probatissimis
1060 2165 1143 2223 refic-

143 2249 200 2314 tus,
220 2243 376 2300 sitantum
396 2259 514 2315 sperare
534 2241 578 2302 fas
599 2250 652 2316 est,
673 2244 803 2315 Longino
818 2243 903 2300 alicui
918 2259 970 2299 seu
985 2243 1034 2299 alii
1048 2242 1141 2299 veteri

145 2318 265 2390 Critioo,
291 2318 340 2389 qui
366 2319 456 2390 copiis
476 2319 735 2378 Alexandrinorum
754 2320 848 2391 perite
867 2317 1073 2388 moderateque
1098 2317 1141 2373 uti

50 2435 53 2439 -
143 2394 246 2464 sciret,
270 2395 341 2451 satis
366 2394 524 2466 placiturus
549 2393 638 2452 luisse
664 2394 819 2452 videretur.
859 2393 923 2451 Hoc
943 2393 1011 2464 qnid
1032 2393 1076 2449 rei
1103 2393 1142 2450 sit

143 2476 231 2541 atque
251 2469 372 2542 consilii,
393 2475 423 2528 et
443 2485 514 2540 quas
534 2470 564 2527 in
584 2486 619 2528 eo
639 2471 766 2528 rationes
780 2474 896 2527 secutus
911 2469 972 2541 sim,
995 2469 1143 2528 Commen-

143 2546 211 2603 tarii
230 2546 353 2603 materia
372 2551 434 2618 est,
454 2562 510 2604 non
530 2544 733 2605 Praelationis.
772 2547 847 2604 Nam
867 2546 893 2602 si
912 2562 968 2604 non
988 2547 1080 2604 solum
1101 2547 1142 2603 in-

143 2622 293 2680 doctorum
313 2622 469 2679 calumnias
490 2637 636 2694 amovere,
665 2622 717 2680 sed
737 2624 816 2695 ipsas
837 2638 939 2680 causas
959 2622 1084 2681 instituti
1104 2622 1142 2679 ad

105 2723 130 2763 ῃ
143 2698 282 2769 liquidum
303 2697 464 2770 perducere
483 2699 577 2771 velim,
597 2699 696 2771 multa,
719 2714 795 2770 quae
815 2699 981 2770 vulgaribus
997 2698 1141 2757 erroribus

45 2789 49 2799 ’
143 2774 335 2846 implicantur,
356 2775 394 2833 ad
413 2790 512 2832 verum
531 2776 695 2833 revocanda
714 2777 789 2846 sint3
809 2775 875 2846 alia,
897 2791 970 2846 quae
991 2781 1035 2835 tot
1054 2775 1141 2833 libro·

142 2867 205 2908 rum
230 2851 364 2909 interitus
392 2850 541 2923 obscurat,
571 2853 630 2909 alte
649 2853 782 2925 repetitis
802 2851 948 2911 historicis
969 2851 1141 2910 coniecturis

142 2926 328 2999 illustranda,
348 2928 501 2999 omniaque
521 2925 715 2987 confirmanda
735 2929 886 3000 exemplis,
908 2927 945 2986 ad
965 2943 1142 2986 communem

142 3003 363 3075 intelligentiam
388 3003 516 3062 delectis.
562 3003 604 3064 Ut
628 3021 697 3064 sero
724 3005 829 3063 clarius
857 3012 1012 3076 appareat,
1038 3003 1143 3076 quibus

142 3079 321 3151 potissimum
341 3081 506 3152 praeceptis
525 3087 646 3152 regatur
658 3081 812 3140 Homerica
826 3081 998 3153 emendatio,
1018 3081 1142 3139 maximo

143 3155 239 3214 studio
259 3156 288 3212 in
307 3156 445 3215 tralaticii
464 3163 560 3215 textus
580 3159 753 3217 mutationes
773 3157 878 3227 inquiri
898 3164 1022 3230 oportet,
1042 3172 1143 3214 recen·

143 3231 240 3289 sendis
260 3230 386 3291 fontibus
407 3238 436 3291 et
456 3233 554 3291 rivulis
575 3249 689 3305 earum,
719 3234 768 3304 qui
787 3234 833 3291 vel
852 3234 920 3292 olim
944 3238 1143 3303 manaverunt,

143 3308 190 3365 vel
211 3309 297 3366 etiam
317 3308 404 3368 hodie
423 3314 533 3382 patent.
572 3309 606 3367 In
625 3309 681 3367 hac
699 3308 811 3368 infinita
836 3311 920 3384 copia
945 3325 1041 3368 rerum
1068 3325 1142 3366 nunc

144 3400 178 3442 eo
199 3389 265 3443 utar
284 3391 524 3457 temperamento,
545 3390 577 3443 ut
597 3386 767 3457 gravissima
787 3402 918 3458 quaeque
939 3392 969 3444 et
988 3386 1144 3454 utilissima

143 3461 242 3533 paucis
263 3476 419 3535 exsequar,
439 3477 492 3520 nec
512 3462 621 3535 ipsum,
647 3478 731 3534 quem
750 3463 898 3535 ingressus
919 3479 997 3535 sum,
1018 3477 1141 3533 cursum,
