2482 3960
518 298 696 352 —105—

183 445 257 504 Nam
281 442 343 515 fae,
375 442 451 515 quod
478 460 515 501 ne
542 427 627 503 aliter
653 443 769 516 quidem
792 443 861 518 fingi
883 461 937 519 per
955 445 1105 504 historiam
1120 461 1155 500 ru

105 523 182 591 licet,
204 521 304 580 decem
320 521 370 579 'vel
390 521 493 593 uiginti
514 521 691 595 exemplaria
709 526 776 594 post
795 523 917 595 primum
931 521 1003 580 illud
1017 523 1105 594 scrip

105 605 190 658 turae
208 603 356 657 teutamen
376 614 394 655 a
414 597 483 656 viris
503 599 635 671 privatis,
655 604 688 656 ut
706 603 780 671 puta
799 614 817 656 a
836 598 1003 672 rhapsodis,
1028 596 1105 657 facta

106 691 185 746 esse:
206 691 300 733 annon
320 675 350 731 in
370 690 406 732 ea
426 673 525 732 statim
545 674 686 747 plurimas
706 675 881 734 variationes
900 674 1000 734 inferri
1020 692 1104 747 opor·
1119 689 1155 729 rm

104 752 171 824 tuit,
191 752 297 824 partim
317 767 353 810 ex
372 751 460 809 variis
480 750 622 809 recitandi
641 750 749 823 modis,
774 751 879 824 partim
900 768 936 809 ex
954 752 1104 824 ingeniosa

105 827 228 887 libidine
248 827 493 886 describentium?
514 828 683 899 Quanquam
703 827 778 887 enim
796 827 874 887 nullo
894 834 1024 901 tempore
1039 843 1103 887 eva·

104 904 171 962 nuit
190 903 267 977 apud
288 903 413 964 Graecos
434 905 585 976 persuasio
606 905 643 962 de
663 903 759 962 divina
778 905 890 976 origine
909 904 1028 964 Homeri
1048 906 1102 976 sui,

104 987 204 1040 tamen
228 981 257 1038 in
277 981 339 1039 eins
359 981 506 1052 oratione,
532 981 606 1039 siout
632 982 662 1038 in
681 981 933 1053 interpretatione,
958 997 1103 1052 nunquam

105 1057 256 1116 desierumt
268 1073 377 1116 summa
390 1056 510 1115 levitate
522 1063 634 1115 mutare
649 1056 799 1129 quidlibet,
819 1059 974 1129 corrigere,
994 1055 1102 1129 fingere

105 1133 144 1192 ad
164 1133 284 1205 libitum,
304 1138 338 1192 ut
357 1133 527 1206 dignissima
547 1132 661 1191 domum
680 1134 802 1191 numinis
816 1131 918 1192 afflatu
930 1131 1101 1205 proferetur.

103 1210 206 1282 Neque
224 1209 280 1270 hoc
299 1207 430 1283 proiecto
450 1210 554 1268 mirum
576 1216 629 1281 est,
656 1226 742 1281 quum
762 1212 852 1268 multo
873 1211 1033 1282 graviorem
1053 1227 1103 1283 po·

104 1287 204 1361 pulum
223 1286 397 1345 Indaeorum
417 1287 489 1345 satis
511 1285 562 1343 diu
577 1286 697 1344 eandem
709 1288 851 1346 rationem
864 1288 992 1345 tenuisse
1005 1286 1102 1345 videa-

102 1379 176 1423 mus.
214 1363 276 1422 Iam
295 1363 321 1421 ai
340 1379 415 1422 nova
436 1362 558 1421 subinde
581 1364 758 1435 exemplaria
778 1361 880 1421 fierent
900 1380 936 1421 ex
955 1364 1026 1436 illis,
1046 1365 1102 1422 nisi

101 1439 235 1498 indoctus
255 1438 391 1498 librarius
405 1439 577 1512 proximum
603 1440 722 1510 quodvis
743 1446 890 1513 arreptum
908 1439 1033 1498 fideliter
1053 1440 1102 1498 de-

102 1515 263 1588 scribebat,
289 1516 311 1573 ii
336 1516 385 1587 qui
413 1515 464 1573 illa
491 1515 644 1589 curabant,
670 1517 781 1575 collatis
801 1515 933 1590 pluribus
954 1517 1100 1589 exemplis

101 1608 164 1652 rem
184 1592 232 1650 vix
251 1593 338 1650 aliter
356 1591 479 1664 aggredi
497 1597 663 1666 potuerunt,
684 1609 769 1664 quam
781 1599 815 1651 ut
827 1593 980 1651 indicando
995 1592 1101 1664 eligen-

102 1668 207 1741 doque,
227 1668 304 1740 quod
324 1669 428 1740 cuique
450 1669 513 1728 loeo
534 1667 681 1727 videretur
700 1670 888 1742 aptissimum,
907 1667 1027 1728 formam
1040 1674 1101 1727 tex-

103 1751 150 1804 tus
163 1746 261 1804 multis
280 1744 413 1818 partibus
434 1746 521 1803 aliam
544 1743 681 1804 facerent.
722 1746 801 1804 Talis
821 1752 918 1804 autem
937 1761 1026 1804 novus
1040 1751 1101 1803 tex-

102 1828 160 1894 tus,
180 1828 214 1880 ut
232 1828 293 1880 tum
308 1827 391 1880 erant
404 1827 544 1895 tempora,
564 1838 657 1894 neque
671 1820 794 1894 perferri
806 1823 902 1895 potuit
914 1823 944 1879 in
957 1821 1100 1895 publicam

103 1897 246 1971 notitiam,
267 1898 387 1971 (quippe
407 1899 536 1971 privatus
556 1898 638 1957 labor
659 1904 743 1972 erat)
764 1915 858 1971 neque
878 1900 949 1971 alios
962 1915 1099 1957 revocare

104 1975 249 2034 absimili
268 1975 401 2033 instituto
430 1980 460 2033 et
484 1990 574 2048 opera
598 1975 709 2034 scilicet
729 1974 908 2034 emendandi.
948 1975 995 2034 Sic
1015 1981 1099 2033 aneto
1149 2016 1151 2018 -

104 2050 212 2109 sensim
231 2066 350 2110 numero
371 2050 517 2123 codicum,
545 2049 607 2110 fons
631 2052 680 2109 ille
700 2051 900 2122 Pisistrateus,
926 2052 951 2109 si
970 2050 1055 2109 modo
1074 2052 1098 2108 is

103 2143 179 2184 unns
200 2125 263 2187 fons
282 2125 348 2199 fuit,
368 2127 398 2183 in
417 2129 515 2200 plnres
538 2127 644 2184 diversi
663 2126 743 2184 velut
756 2127 866 2200 saporis
880 2127 986 2185 rivulos
1001 2125 1099 2183 diduc-

100 2209 149 2263 tus
175 2218 242 2262 mox
265 2202 443 2277 impediebat
471 2208 624 2261 accuratae
649 2202 781 2262 lectionis
801 2202 935 2261 studium.
974 2203 1053 2274 Ergo
1074 2203 1099 2260 si

101 2279 312 2351 intelligentior
332 2280 447 2352 aliquis,
470 2284 500 2338 et
520 2281 569 2350 qui
589 2278 665 2337 idem
680 2285 758 2337 esset
770 2284 867 2352 poeta,
887 2284 937 2336 aut
950 2284 1029 2336 certe
1042 2295 1099 2338 non

102 2356 217 2415 alienus
238 2373 256 2414 a
274 2357 390 2430 poetica
408 2354 559 2428 facultate,
580 2359 645 2426 (neo
666 2357 814 2428 quisquam
834 2357 916 2428 alius,
937 2354 1013 2428 quod
1032 2371 1099 2414 con-

102 2438 172 2504 stet,
192 2438 260 2491 ante
279 2432 505 2506 Aristophanem
524 2433 593 2506 Byz.
614 2432 702 2491 talem
722 2450 819 2491 euram
839 2434 988 2506 suscepit)
1009 2432 1060 2490 sed
1074 2433 1098 2491 si

103 2509 169 2581 quis
189 2509 353 2583 intelligens
375 2514 405 2567 et
426 2509 574 2568 studiosus
595 2510 729 2582 antiquae
744 2511 915 2583 elegantiae,
935 2509 990 2568 sibi
1003 2510 1098 2567 suisve

102 2585 202 2644 amieis
223 2592 379 2659 paraturus
399 2602 504 2644 novum
527 2586 725 2660 exemplarif),
745 2588 877 2660 optimos,
901 2603 971 2658 quos
992 2584 1098 2644 alicubi
1111 2607 1148 2646 rue

100 2873 181 2928 Alex.
199 2873 251 2927 Str.
268 2874 289 2925 Ι.
307 2889 334 2940 p.
352 2877 410 2928 309.
435 2890 483 2927 seu
507 2874 540 2933 de
564 2873 703 2929 Autodoro
725 2873 753 2926 in
774 2873 918 2928 Theodosii
940 2873 1026 2926 Schol.
1054 2888 1096 2940 ap.

101 2942 194 2995 Burm.
211 2940 246 2995 ad
263 2940 352 2994 Vales.
370 2941 502 2996 Emendd.
522 2957 549 3008 p.
569 2946 624 2994 146.
644 2947 671 2994 ot
689 2941 789 2994 Villois.
808 2941 909 2995 Anecd.
928 2940 972 2994 Gr.
990 2956 1016 3007 p.
1038 2943 1096 2994 173.

100 3008 232 3064 Neutrius
250 3009 329 3073 enim,
353 3009 376 3063 si
393 3015 483 3063 tamen
501 3009 598 3063 diversi
617 3014 686 3077 sunt,
709 3013 826 3062 aetatem
843 3014 972 3062 tenemus.
1007 3008 1097 3062 Relin-

101 3076 194 3145 quitur
212 3092 284 3144 ergo‚
308 3082 339 3130 ut
362 3078 410 3144 rei,
434 3093 488 3131 non
505 3077 626 3145 nominis,
648 3075 794 3144 primordia
812 3076 989 3144 exquiramus.
1024 3075 1095 3130 Reli-

100 3160 182 3213 quam
212 3144 351 3198 historiam
375 3145 570 3199 Grammaticae
599 3152 627 3198 et
652 3144 766 3199 criticae
796 3143 874 3198 docte
900 3149 1097 3212 persequuntur

119 3219 209 3267 raeter
231 3211 320 3266 Vales.
345 3213 363 3265 l.
381 3213 398 3266 l.
418 3214 589 3279 Manssacus‚
614 3212 775 3279 Wowerius,
801 3212 906 3266 Fabric.
925 3211 960 3265 ad
977 3212 1096 3277 Sextum,
1121 3270 1126 3277 ,

138 3281 240 3334 alchius
258 3281 386 3347 singulari
403 3281 501 3335 libello.

169 3366 204 3434 ³⁷)
223 3363 303 3426 Ἰδίως
318 3367 520 3435 γεγραμμένον,
539 3366 555 3418 i.
574 3380 597 3419 e.
612 3366 714 3430 priuato
731 3365 814 3416 studio
830 3364 992 3430 descriptum,
1016 3362 1095 3430 quale

99 3432 540 3556 fdmphirf‘imiiicimriss
549 3429 1095 3554 f³⁸⁸²i¹ferM³⁰⁶i¹a⁰mfffii³infd³ii¹ifii

158 3517 199 3556 en.
283 3517 333 3570 ,μ
405 3543 460 3555 ..
516 3516 774 3570 eacrgracura
1039 3516 1057 3552 n
